2392 4009
408 164 588 246 Suuuusrtr
612 163 793 236 Carruca.
946 251 949 258 .
994 208 997 212 -
1032 163 1075 229 65

33 394 38 400 .
126 357 231 424 neque
252 336 364 402 sortem
385 335 562 418 ex,timidn
584 337 775 414 exercitum,
805 335 949 402 oratione
972 319 1078 419 impe-⁴

126 424 254 501 rutenis,
277 423 359 488 fieri.
404 424 531 505 Quanta
558 427 710 511 cujusque
733 423 842 487 animo
857 421 992 488 audacia
1016 441 1069 484 na·
1116 419 1123 428 '

128 522 210 587 ture,
232 522 286 573 aut
308 510 447 574 muribus
471 511 563 586 inest,
588 523 674 575 tanta
691 516 721 573 in
739 508 825 592 bello
841 521 952 594 petere
969 507 1071 572 solet:

128 616 222 681 quem
239 616 340 681 neque
359 595 472 683 gioria,
488 617 590 680 neque
612 594 753 679 pericula
770 596 923 669 excitant,
941 592 1073 681 nequid·

93 701 223 767 equam
245 682 397 761 hortere3
434 683 528 746 timor
548 681 645 746 animi
668 675 798 746 auribus
824 682 947 745 nbficit.
1002 677 1073 744 ‘Sed

96 945 100 952 a

127 789 191 854 ego
213 789 282 847 vus,
304 788 368 854 φο
391 789 497 849 paueat
518 788 689 845 monerem,
712 767 896 847 advocavi3
919 765 1011 831 simul
1028 765 1073 830 uti

150 874 276 921 aussam
297 854 424 919 consilii
447 855 619 942 aperirem.
677 855 773 919 Scitis
811 853 968 941 equidem,
991 851 1074 916 mili·

145 960 191 1013 es,
213 939 359 1008 secordia
381 954 475 1025 atque
510 942 637 1009 inaria
675 939 802 1006 Lentuli
838 939 987 1027 quantam
1011 938 1073 1023 ipsi

128 1024 254 1094 cladem
279 963 616 1114 uobisqueattuicriu
650 1049 774 1113 quoque
804 1026 910 1102 medo,
933 1024 1005 1089 duur
1030 1044 1074 1090 ex

128 1110 209 1176 urbe
233 1112 392 1195 praesidia
421 1110 584 1198 opperior,
604 1112 642 1177 in'
661 1113 800 1179 Galliam
820 1111 995 1198 'proficisci
1018 1129 1073 1175 ne·

129 1199 298 1284 quiverim.
356 1198 550 1286 Numaeque
583 1200 615 1263 in
652 1198 725 1263 loco
758 1221 809 1264 res
832 1210 961 1264 nostrae
999 1197 1073 1276 sint,

123 1285 220 1371 juxta
243 1304 365 1349 mecum
381 1306 491 1351 omnes
514 1283 709 1371 intellegitis.
754 1285 923 1350 Exercitus
939 1283 1079 1348 hostium

130 1369 206 1447 duo,
228 1391 308 1435 unus
331 1369 374 1433 ab
397 1369 486 1450 urbe,
508 1369 623 1435 altera
639 1371 758 1470 Gallia²
781 1370 933 1435 obstante
956 1368 1074 1432 diutius

128 1456 165 1520 in
181 1455 229 1520 iris
252 1455 333 1530 lucis
354 1477 439 1536 esse,
457 1458 500 1521 isi
523 1477 669 1521 maxume
684 1458 807 1522 animus
823 1458 913 1535 serat,
929 1456 1074 1519 frumenti

130 1554 227 1628 atque
250 1539 382 1607 aliarum
404 1564 506 1608 rerum
538 1557 666 1630 egestas
698 1544 857 1629 prohibet.
917 1542 1078 1624 Quocum·

131 1649 196 1711 que
218 1629 264 1691 ire
287 1628 403 1713 placet,
426 1631 512 1706 feren
533 1630 593 1693 iter
626 1630 831 1714 aperiundum
870 1639 930 1692 est.
990 1626 1077 1705 Qua·

131 1727 267 1798 propter
277 1734 335 1776 roe
351 1716 534 1792 mone0‚uti
547 1714 725 1801 sentiatque
742 1727 854 1798 pusato
868 1714 974 1778 animo
984 1714 1051 1775 sitis
1068 1738 1077 1791 3

132 1811 178 1884 ei,
201 1820 271 1863 curn
311 1799 463 1882 praelium
498 1797 627 1875 inibitis,
665 1801 879 1878 memineritis,
910 1820 968 1863 rius
996 1797 1079 1863 divi·

132 1886 208 1961 tias,
242 1883 356 1980 decr&
389 1883 533 1970 gloriam,
566 1898 736 1971 praeterea
767 1885 945 1950 libertatem
983 1899 1077 1969 atque

134 1967 469 2055 pantanimueutris
499 1985 639 2056 portare.
698 1973 733 2036 Si
769 1974 935 2047 uincimus,
971 1972 1078 2035 omnia

133 2056 229 2122 nubis
252 2068 329 2134 tuta,
351 2065 543 2123 commeatus
566 2056 703 2133 abunde,
726 2057 872 2122 coioniae
894 2071 926 2122 at
951 2079 988 2122 ue
1011 2078 1063 2121 mu

133 2143 257 2226 uicinia
281 2140 454 2225 patebunte
476 2143 524 2207 sin
546 2158 631 2210 metu
664 2145 865 2225 cesserimus,
888 2079 1000 2209 eaiem
1023 2144 1076 2208 itta

134 2226 273 2296 advorsa
286 2226 386 2291 fiunt:
408 2250 510 2315 neque
526 2228 626 2306 iocus,
649 2251 751 2314 neque
773 2233 893 2295 amicus
915 2229 1080 2317 quisquam

134 2327 234 2402 teget,
255 2335 348 2400 quem
370 2334 457 2379 arura
481 2336 543 2378 nou
575 2318 725 2378 texerint.
786 2317 969 2392 Praeterea,
999 2313 1079 2377 miii·

136 2413 196 2478 tes,
213 2422 276 2464 non
299 2397 411 2463 eedem
434 2396 528 2463 nobis
550 2411 583 2462 et
606 2397 668 2463 iliis
681 2398 881 2465 necessitudo
896 2399 1077 2484 impendet:

134 2507 195 2551 nos
218 2506 279 2571 pro
302 2484 416 2567 patria,
439 2501 500 2570 pro
519 2482 691 2578 --iihertatn
722 2506 780 2569 pro
810 2487 873 2551 rita
897 2498 1078 2550 certamus:

135 2571 200 2636 iilis
223 2588 495 2656 supervacaneum
519 2583 566 2634 est
590 2591 734 2656 pugnare
759 2593 816 2656 pro
841 2576 980 2658 potentia
1004 2594 1081 2659 pau.

135 2678 257 2724 corum.
302 2653 387 2736 ‘Quo
408 2654 560 2721 audacius
584 2656 807 2744 adgredimini‚
830 2681 984 2725 memores
1001 2664 1080 2744 nris·

135 2744 223 2807 tinae
254 2742 388 2810 virtutis.
435 2742 541 2806 Licuit
578 2745 683 2820 uobis,
713 2766 784 2809 cum
806 2767 925 2810 summa
950 2749 1081 2833 turpitu·

137 2828 223 2905 dine,
247 2829 279 2894 in
301 2826 401 2895 exilio
436 2840 574 2893 aetatem
604 2850 621 2893 a
647 2851 700 2893 ere
730 2852 740 2893 z
773 2833 917 2916 potuistis
941 2834 1081 2900 nonnulii

138 2913 275 2991 Romae,
308 2912 434 2979 amissis
472 2914 576 2991 bunis,
597 2851 729 2978 -uiienas
760 2938 839 3002 opes
877 2937 1080 3003 exspectare.

139 3002 225 3082 Quia
249 3000 302 3064 itta
319 2997 412 3064 taeda
435 3015 529 3086 etque
553 3000 751 3066 intoleranda
773 3006 859 3070 ⁸uiris
881 3005 1082 3085 videbantur,

170 3203 189 3253 p
211 3187 262 3244 Quo
273 3190 300 3235 r'n
312 3188 369 3237 loca.
402 3186 467 3237 How
478 3183 621 3238 ourcffe‘trs
633 3187 708 3238 stand
721 3208 729 3245 ς
746 3205 795 3238 ουι·
806 3187 1017 3239 circumstances.

171 3270 193 3320 q
212 3255 239 3302 ὣ·
250 3269 369 3312 maxume,
386 3252 434 3301 icc.
469 3255 594 3304 Horrerer
606 3255 684 3303 much
695 3270 733 3305 we
746 3255 871 3320 mightbe
883 3252 1002 3303 inclined.

155 3336 187 3388 ‘r
205 3322 399 3378 erruuduciur,
412 3321 459 3368 irc.
495 3318 746 3371 Whereforcattack
764 3336 835 3369 mure
856 3319 953 3383 botdty.
988 3321 1084 3388 Aegre.

133 3389 232 3443 asinini,
244 3400 275 3432 an
286 3385 411 3435 archaiarn
425 3386 464 3435 fur
475 3389 640 3451 aggredimini
647 3387 673 3437 'tu
685 3386 729 3437 tue
740 3383 890 3451 imperative
901 3384 985 3438 sumti«

169 3454 276 3508 sWrs'r.
308 3452 349 3504 Tu
360 3467 419 3502 mcn
430 3450 460 3504 oi
467 3454 552 3519 spirit.

559 3517 629 3581 Gn
