2392 4009
397 198 576 267 Sannorum
598 196 797 270 incusans.
1015 198 1079 260 tto

128 368 282 447 anunm,
325 379 358 435 et
401 368 553 457 imprimis
588 370 707 437 Albino
738 367 880 450 conscie,
909 364 1074 434 sinelicium

131 456 307 543 profitetur.
364 454 428 521 *Fit
463 478 535 523 reus
567 459 670 545 magis
702 477 745 522 ex
777 477 880 543 aequo
916 453 1074 538 bonoque,

130 563 225 693 {ozam
251 563 293 607 ex
321 542 386 606 ‘ure
433 544 560 621 entium,
587 542 758 622 Bomdcan
781 563 889 607 comes
915 542 994 629 ejus,
1022 537 1075 626 qui

184 628 309 693 mamfi
379 649 422 713 pu
446 627 508 694 iica
537 642 689 695 venerate
724 630 767 693 At
790 628 948 717 iugurtha
977 625 1097 691 mani-¹

130 713 229 779 [estus
244 714 323 780 tanti
347 714 490 794 sceleris,
514 737 576 781 non
603 717 691 802 prius
714 715 820 781 omisit
833 727 943 779 contra
967 732 1075 777 verunt

132 800 202 878 niti,
229 821 322 886 quam
349 803 498 868 ‘animum
526 800 674 880 advortit,
703 821 799 887 supra
828 803 960 885 gratiam
983 815 1076 884 atque

131 888 299 971 pecuniam
322 906 411 953 suam
436 886 586 953 invidiam
609 888 684 953 iacti
702 909 786 954 esse.
832 887 939 975 Igitur,
969 906 1075 971 quam·

132 992 226 1058 quarn
251 973 295 1037 tin
336 975 443 1059 priore
472 975 598 1039 actione
632 995 674 1040 ex
710 975 820 1040 amicis
850 975 1075 1061 quinquaginta

131 1056 245 1124 avades
271 1056 403 1128 dederat
425 1087 435 1142 ς
459 1081 559 1148 regno
581 1063 697 1148 magis,
723 1081 816 1146 quam
842 1059 974 1124 vadibus
999 1080 1074 1124 con·

132 1142 249 1224 anieno,
285 1144 367 1211 ciam
404 1150 436 1212 in
469 1145 650 1214 Numidiam
690 1145 900 1212 Bomilcarem
937 1144 1075 1223 dimittit,

132 1230 262 1307 veritus,
284 1251 334 1296 ne
356 1231 496 1319 reliquos
517 1232 682 1320 popularis
705 1245 807 1298 metus
830 1232 992 1296 invaderet
1019 1252 1075 1316 pa·

131 1312 224 1380 rendi
250 1314 324 1395 sibi,
339 1318 365 1384 si
389 1317 430 1384 de
454 1318 509 1384 iiio
534 1317 724 1403 supplicium
739 1328 871 1384 sumtum
897 1320 988 1382 soret.
1037 1318 1077 1382 Et

133 1403 205 1487 ipse
221 1402 332 1487 paucis
353 1403 479 1485 deibus,
493 1405 668 1489 'proiectus
690 1416 749 1482 est,
769 1406 877 1490 jussos
898 1404 943 1467 ab
963 1419 1075 1470 senatu

132 1488 225 1554 Italia
251 1488 421 1556 decedere.
480 1489 556 1568 Sed,
588 1503 754 1576 postquam
791 1491 891 1555 Roma
930 1511 1078 1579 egressus

132 1587 192 1654 est,
209 1577 413 1665 iertursaepc
429 1597 468 1641 eo
492 1583 605 1644 tacitus
626 1576 814 1662 respiciens,
838 1593 996 1660 postremo
1007 1578 1079 1642 dix·
1187 1613 1191 1623 ·

133 1661 208 1741 isse,
231 1684 344 1728 onnam
380 1684 537 1730 trason
571 1678 631 1729 ιν
652 1683 788 1727 marone
820 1684 1022 1752 reatinensis,
1045 1684 1076 1728 st

133 1769 314 1814 nurerum
337 1771 532 1820 iuvenem.
740 1829 744 1836 ,
1040 1752 1043 1757 ’

131 1832 333 1924 †XX.XV1.
378 1837 519 1901 isarnus
542 1832 687 1912 Albinus,
701 1850 854 1899 renovato
877 1834 972 1912 bello,
992 1856 1078 1902 cont·

133 1932 282 2000 meatum,
311 1921 520 2008 stipendium,
544 1921 619 2000 aiio,
649 1940 729 2007 quoe
753 1920 902 1988 militibus
925 1924 993 1990 usui
1031 1925 1077 1989 io·

134 2019 215 2086 rent,
236 2021 391 2074 'maturat
416 2010 448 2073 in
473 2008 610 2094 Africam
636 2023 789 2093 portare3
824 2029 864 2072 ae
886 2015 991 2090 statim
1008 2011 1077 2094 ipse

135 2095 307 2181 proiectus,
331 2096 464 2159 otiante
479 2078 618 2171 corditio,
639 2093 722 2180 quod
746 2105 868 2178 tempus
885 2094 966 2159 haud
984 2093 1080 2183 longe

135 2180 260 2257 aberat,
275 2181 381 2259 armis,
403 2194 458 2245 ant
479 2180 652 2256 deditione,
675 2194 729 2243 aut
773 2182 864 2245 uovis
889 2183 983 2246 modo
1010 2181 1077 2246 bei·

136 2265 199 2331 lum
214 2267 397 2331 conficeret.
441 2269 484 2331 At
505 2282 613 2331 contra
641 2200 797 2353 Jngonia
820 2266 945 2331 trahere
960 2270 1077 2350 omnio,

136 2366 169 2421 et
193 2354 286 2431 alias,
308 2351 425 2417 deinde
450 2350 530 2416 alias
545 2372 653 2417 morae
675 2370 806 2434 caussas
831 2351 962 2416 iacere:
986 2353 1078 2446 poili·

138 2441 204 2506 ceri
232 2437 439 2518 deditionem,
461 2458 501 2501 ac
533 2435 651 2506 deinde
674 2449 788 2500 metum
811 2435 957 2501 simulare
985 2461 994 2502 ε
1032 2442 1078 2507 iu·

138 2526 234 2592 stanti
256 2523 383 2601 cedere,
403 2538 436 2589 et
457 2522 566 2609 paullo
589 2534 671 2608 post,
697 2543 737 2586 oe
753 2520 801 2585 sui
822 2520 1008 2602 diffiderent,
1032 2528 1078 2593 in.

138 2627 204 2679 star
239 2633 248 2674 ε
271 2612 315 2675 ita
331 2608 406 2675 belli
432 2607 537 2689 modo,
567 2608 664 2677 modo
685 2607 775 2694 pacis
798 2628 895 2687 mora,
917 2611 1079 2684 consulem

137 2634 312 2765 tudticare.
370 2698 419 2762 Ac
448 2696 546 2771 iuere,
582 2696 722 2784 quitum
755 2690 901 2760 Albinum
925 2696 1007 2763 haud
1032 2701 1077 2792 ig·

137 2807 248 2854 narum
270 2781 395 2848 consilii
427 2784 512 2871 regis
542 2785 768 2850 existumarent
790 2800 892 2868 neque
927 2804 969 2851 ex
991 2799 1080 2855 tanto

170 2988 191 3039 q
206 2973 327 3021 auom
333 2969 471 3034 profitetur.
504 2965 596 3018 Makes
607 2982 624 3016 a
633 2965 775 3034 discovery.

172 3040 314 3089 rutrum
384 3039 531 3099 'teoeaeque
565 3034 676 3098 AEqseurn
695 3034 800 3087 denotes
812 3033 914 3088 whatis
933 3035 993 3105 jttst
1006 3036 1083 3090 init·

139 3104 194 3157 selt'
201 3127 208 3164 ;
225 3051 729 3165 mmmtmoonduoivetopublic
741 3101 836 3166 utility.
1117 3104 1122 3108 “

172 3187 186 3222 s
202 3174 315 3222 Meton
326 3170 442 3220 morat.
476 3171 518 3218 Au
530 3167 655 3219 mohaism
667 3165 708 3217 ior
723 3171 903 3220 mmdoertit.

172 3240 433 3303 tlnprtoreoca'oroe.
465 3237 494 3285 in
502 3235 547 3285 the
561 3233 656 3286 former
666 3236 763 3298 partos
776 3235 821 3286 the
832 3250 946 3300 process.
1112 3271 1117 3280 .

174 3319 194 3353 ιι
212 3308 298 3357 rades.
331 3295 468 3354 Securities
484 3317 514 3352 ot·
525 3300 591 3364 Bsil,
614 3317 643 3351 eo
662 3297 784 3352 callediu
806 3299 951 3351 acriminai
975 3300 1081 3363 actious

139 3374 166 3425 itt
183 3370 270 3422 acivii
281 3371 342 3431 snit,
354 3370 416 3436 they
426 3382 493 3419 were
503 3368 589 3419 called
599 3371 700 3434 prades

174 3452 192 3488 r
206 3438 395 3504 Proseeassest.
427 3438 457 3485 ln
468 3450 539 3487 corne
549 3434 659 3486 editions
669 3436 748 3483 eodem
756 3433 888 3503 projectos,
900 3435 948 3487 ite.

128 3565 135 3578 ,
174 3520 199 3561 v
215 3507 343 3558 Momm.
378 3504 453 3557 som
463 3502 574 3559 editions
583 3501 649 3560 hare
657 3510 761 3556 marma
