2392 4009
381 126 782 197 Saeuusrrchsmtrnu.
867 131 872 139 '
1001 133 1064 194 tta

123 303 172 369 aul
197 302 365 389 impeditus
387 325 407 367 a
430 304 563 369 tribunis
587 302 692 388 plebis
716 324 768 379 ne,
792 322 870 389 quas
893 317 1064 387 paraverat

123 392 247 475 copias,
273 413 381 455 secum
412 404 563 474 portaret,
595 391 707 474 paucis
723 388 836 453 diebus
865 389 895 452 in
924 390 1065 458 Alricam
1085 449 1124 476 «ᾖ,

127 473 361 560 proficiscitur:
386 499 457 541 nam
480 476 581 540 omnis
605 477 774 552 exereitus,
797 476 839 539 uti
864 492 1068 558 conveneram
1105 535 1110 540 ,

124 562 275 626 Numidia
308 562 472 636 deductus,
504 565 533 626 in
562 563 725 648 provincia
758 561 929 626 hiemabat.
976 562 1067 628 Post·
1110 567 1125 592 ·'
1149 563 1153 570 ’
1168 561 1181 654 J

126 671 217 736 quani
245 671 284 712 eo
311 652 632 735 veni13quamquarn
655 648 801 734 persequi
823 647 1009 735 Jugurtham
1036 645 1105 714 ειἡ

126 757 176 800 ute
201 738 246 799 eri
271 736 427 799 fraternae
455 735 593 799 invidiae
619 736 755 798 nantinus
781 733 936 813 ardebat3
958 736 1068 821 cogni·

125 819 352 895 uentribus,
377 842 455 907 quos
481 835 607 903 pinaster
633 821 750 908 sugam,
776 818 893 884 eseluto
923 821 1068 903 imperio,

126 906 254 972 licentia
279 924 372 994 atque
394 907 523 971 lasciuia
552 921 748 992 corruperat,
768 919 825 971 tex
845 908 940 993 copia
962 929 1069 978 rerum

127 996 244 1070 statuit,
258 995 332 1057 nilul
349 994 442 1056 sibia
469 993 619 1059 trandum

170 1079 243 1143 XL.
277 1080 423 1144 lurcare
481 1101 572 1143 omae
608 1079 650 1144 C.
683 1078 842 1144 Mamilius
874 1079 1069 1161 Limetanus,

127 1167 270 1230 tribunus
295 1165 408 1248 plebis,
430 1170 625 1252 rogationem
646 1164 686 1229 ad
711 1166 860 1250 populum
882 1167 1071 1252 promulgat,

127 1258 148 1290 “
166 1257 208 1315 uti
235 1253 438 1336 quaereretur
461 1255 491 1315 in
516 1273 593 1328 eos‚‘
607 1274 737 1338 quorum
759 1251 1070 1338 consitiotuguntia

34 1367 37 1372 ·
127 1341 229 1403 senati
254 1336 383 1400 decreta
402 1337 610 1424 tneglegisset
631 1364 640 1417 3
663 1341 775 1423 quique
799 1337 841 1400 ab
866 1360 907 1400 eo
927 1339 958 1401 in
983 1337 1070 1425 lega*

129 1425 279 1501 tionibus,
313 1436 365 1485 aot
400 1424 541 1507 imperiis
582 1427 733 1509 pecunias
766 1425 993 1507 accepissent3
1015 1426 1070 1512 qui

128 1508 468 1595 elephantoquuique
495 1510 641 1595 perfugas
672 1509 893 1589 tradidissent3
916 1510 989 1573 item
1016 1513 1070 1597 qui

129 1595 169 1660 de
187 1618 277 1679 pace,
294 1603 347 1658 aut
365 1594 448 1657 bello
463 1618 532 1659 cum
547 1596 688 1661 hostibus
705 1598 869 1680 pactiones
883 1597 1070 1661 iecissent„

173 1684 256 1745 Huic
272 1682 428 1766 rogationi
447 1701 558 1763 partim
580 1663 702 1746 volscii
719 1682 792 1759 sibi,
808 1681 862 1745 alii
878 1702 918 1744 ex
936 1700 1071 1764 partium

129 1768 228 1833 ividia
270 1768 409 1849 pericula
448 1781 634 1846 metuentes,
666 1766 812 1853 quoniam
843 1780 952 1851 aperte
978 1771 1075 1833 resis-

129 1870 196 1917 tere
219 1876 281 1957 opp
298 1867 454 1936 poterant,
477 1838 550 1938 quin
568 1852 620 1915 illa
649 1867 681 1916 et
695 1852 758 1916 alia
774 1853 849 1917 talia
867 1853 993 1937 placere
1009 1857 1071 1921 sibi
1116 1907 1118 1910 -

129 1941 324 2017 faterentur3
348 1936 471 2000 occulte
510 1960 567 2020 per
600 1939 729 2015 amicos,
763 1943 802 2003 'ae
836 1960 982 2004 maxume
1016 1963 1074 2025 per

129 2026 272 2089 homines
301 2027 433 2089 nominis
459 2024 566 2088 Latini
593 2038 624 2089 et
647 2026 752 2089 socios
784 2024 912 2089 Italicos
939 2027 1072 2101 impedi·

130 2125 233 2176 menta
260 2112 427 2193 parabant.
472 2110 535 2175 Sed
557 2109 680 2195 plebea,
701 2109 887 2176 incredibile
902 2127 1075 2180 memoratu

131 2210 191 2275 est,
218 2219 310 2283 quam
337 2198 455 2260 intenta
487 2200 588 2268 luerit,
616 2212 793 2283 quantaque
820 2202 850 2260 vi
877 2205 1073 2285 rogationem

125 2286 268 2370 jusserit,
299 2282 488 2358 decreverit,
514 2283 673 2364 voluerit3
695 2285 796 2370 magis
826 2283 901 2347 odio
923 2284 1073 2349 nobilita·

132 2387 183 2450 trs,
207 2372 259 2433 rui
286 2369 367 2433 mala
394 2369 446 2432 illa
472 2367 675 2453 parabantur,
697 2391 792 2453 quam
819 2389 894 2431 cura
921 2371 1073 2454 reipubli-

33 2453 39 2460 ’
130 2470 331 2522 caeretanus
353 2453 681 2538 lubidoinparubus.
727 2454 834 2540 igitur,
860 2457 976 2519 ceteris
989 2473 1072 2523 metu
1137 2525 1141 2532 ,

133 2542 298 2628 perculsis¹
329 2540 374 2606 Μ.
405 2541 552 2614 Scaurus,
583 2562 674 2625 quern
703 2540 838 2624 legatum
860 2540 988 2604 Bestiae
1021 2566 1073 2607 su·

132 2651 190 2713 pra
227 2627 411 2699 uncrinus,
448 2628 530 2690 inter
563 2624 712 2690 laetitiam
743 2625 856 2710 plebis,
889 2640 1073 2697 clauorum

131 2718 260 2812 sugam,p
276 2712 411 2838 ‘trepidp
441 2715 536 2777 etiam
566 2725 631 2776 tum
653 2713 793 2791 civitate,
823 2733 895 2779 cum
921 2736 963 2779 ex
987 2716 1072 2786 ”Ma-

243 2803 315 2846 μχζι
340 2803 373 2842 ,ιὶ
397 2823 399 2828 .
786 2825 790 2832 ·

163 2922 181 2956 u
197 2907 308 2955 donare.
340 2907 370 2952 ln
381 2919 452 2954 some
461 2902 495 2954 ed
504 2902 571 2952 tione
583 2907 670 2953 animo.

164 2991 182 3022 ο
199 2974 281 3021 Soluto
294 2971 400 3035 imperio.
434 2970 522 3019 Under
534 2987 549 3019 a
559 2969 604 3020 lax
616 2967 761 3033 discipline.

165 3038 395 3105 praecipuae.
430 3034 598 3100 considering
611 3035 645 3085 all
656 3037 865 3086 circumstances.
904 3099 908 3102 Α

164 3107 370 3173 qurlegirret.
403 3106 443 3153 An
455 3102 579 3153 areliaism
591 3103 631 3151 for
643 3104 797 3167 neglexisset.
822 3147 827 3156 ,
907 3165 909 3169 ι

167 3189 181 3223 r
198 3173 281 3224 Tanto
292 3172 381 3229 timido,
392 3172 438 3221 ac.
470 3170 538 3221 Such
552 3185 604 3219 was
615 3169 659 3219 tlte
671 3169 784 3221 violence
796 3169 827 3220 of
830 3175 906 3236 party
918 3168 1001 3235 spirit}

166 3256 180 3290 s
197 3241 337 3288 Donamus.
368 3240 396 3286 In
409 3253 480 3288 some
489 3237 600 3288 editions
612 3240 799 3285 munerarium.

168 3314 182 3354 t
198 3307 307 3368 trepida
318 3304 398 3366 ctiam,
410 3306 458 3353 lte.
491 3304 549 3354 The
561 3304 614 3369 city
624 3303 701 3366 being
712 3310 757 3351 not
765 3308 809 3369 yet
818 3299 872 3356 sree
882 3300 950 3353 from
962 3302 1046 3369 panio·

168 3388 187 3422 u
203 3372 329 3423 Maecilio.
362 3374 392 3422 In
403 3386 474 3423 some
483 3369 593 3423 editions
603 3372 748 3421 manatione.
