2392 4009
375 181 554 246 Sannosrrr
577 157 757 246 (isarnus.
874 208 878 214 ·
997 183 1039 242 23

92 359 150 435 tia,
174 355 317 442 rapinas,
341 353 404 419 alia
427 354 531 417 omnia
555 373 635 440 quae
667 352 783 422 bellum
816 362 909 440 atque
930 348 1042 416 lubido

93 446 252 508 victorum
289 441 361 506 lert.
421 440 589 504 Praeterea
621 439 746 521 esseio
770 437 928 525 Hispania
950 438 1041 500 tcite·

90 531 179 594 riorc
204 528 364 604 Pisonem,
388 527 419 590 in
443 526 634 590 Mauritania
657 547 727 590 cum
752 527 893 592 exercitu
918 524 955 589 Ρ.
979 522 1065 587 Sit-¹

93 616 171 680 tium
210 613 414 686 Nucerinum,
452 611 578 676 consilii
604 612 653 675 sui
686 613 861 697 participes
889 634 898 676 ε
931 622 1041 695 petere

93 699 290 774 consulatum
314 699 355 762 C.
379 698 559 774 Antonium,
594 719 687 782 quem
710 698 772 772 sibi
795 697 950 784 collegam
973 696 1041 761 sore

95 799 250 872 speraret,
288 785 444 849 bominem
475 796 507 847 et
539 783 737 862 familiarem,
759 797 792 849 et
814 784 958 849 omnibus
988 803 1042 845 ne·

96 865 343 937 cessitu‘dinibus
365 873 633 935 circumventum:
655 884 712 933 ‘teo
737 870 898 935 consulem
921 868 1043 934 initium

96 957 213 1046 agendi
251 958 416 1022 lecturum.
478 955 527 1019 Ad
564 955 637 1032 boc,
673 955 851 1021 maledictis
886 958 1043 1038 'increpat

96 1045 199 1108 omnis
222 1042 348 1108 bonos:
372 1063 498 1108 suorum
526 1064 775 1129 unumquemque
798 1045 961 1108 nominans
976 1043 1042 1106 lau·

97 1130 201 1194 dere:
233 1128 435 1194 ⁸admonebat
471 1127 566 1192 alium
599 1132 762 1206 ecstatis,
799 1130 893 1194 alium
920 1126 1043 1214 cupidi·

98 1215 172 1281 tatis
196 1235 283 1289 suae,
306 1214 485 1299 complures
509 1152 643 1299 pertenit
666 1228 719 1279 aut
742 1217 943 1303 ignominiae,
966 1212 1044 1278 mul·

96 1316 146 1367 tos
171 1301 323 1365 victoriae
358 1300 522 1383 Sullanae,
555 1299 669 1385 quibus
704 1322 743 1364 ea
766 1300 905 1387 praedae
928 1301 1042 1364 luerat.

99 1389 269 1474 Postquam
293 1388 429 1450 omnium
452 1387 573 1476 animos
611 1384 725 1450 alacris
755 1386 842 1451 videt
858 1387 877 1466 ;'
897 1388 1043 1451 cohorta-

99 1488 161 1550 tus,
184 1488 216 1549 ut
240 1473 422 1557 petitionem
446 1492 534 1537 suam
557 1492 653 1536 curae
676 1472 839 1553 baberent,
855 1488 1043 1539 conventum

98 1559 230 1624 dimisit.

21 1686 45 1704 .
143 1643 247 1710 XXll.
271 1644 386 1710 Fusae
410 1664 448 1709 ea
472 1656 671 1727 tempestate,
694 1646 747 1730 qui
769 1644 923 1721 dicerent,
955 1642 1044 1708 Cati·

99 1730 207 1807 linam,
231 1733 375 1793 oratione
398 1729 519 1805 habita,
542 1751 612 1791 cum
635 1729 676 1791 ad
698 1730 914 1815 jusjurandum
945 1754 1044 1816 popu·

98 1816 178 1880 laris
199 1814 330 1878 sceleris
353 1815 400 1876 sui
424 1814 579 1899 adigeret,
603 1816 894 1901 humanicorporis
917 1820 1044 1904 sangui·

100 1923 184 1979 uem,
222 1901 297 1964 vino
333 1901 532 1986 permixtum,
570 1901 601 1964 in
641 1904 758 1984 pateris
791 1904 1044 1983 circumtulisse3

101 1987 186 2065 inde,
210 2008 279 2050 cum
304 2001 376 2070 post
412 1989 666 2051 exsecrationem
702 2011 811 2053 omnes
847 1990 1045 2076 degustavis·

101 2087 180 2144 sent,
220 2074 311 2135 sicuti
335 2073 366 2134 in
394 2072 585 2136 solemnibus
623 2075 723 2144 sacris
761 2074 829 2140 fieri
867 2077 1043 2156 consuevit,
1063 2071 1069 2130 Ϊ

101 2161 267 2248 aperuisse
301 2156 464 2223 consilium
499 2180 597 2236 suum,
620 2176 713 2246 etque
744 2184 794 2240 eo,
820 2164 977 2238 dictitare,
999 2164 1044 2226 le·

102 2246 198 2321 cisse,
221 2265 284 2329 quo
307 2244 387 2307 inter
408 2265 443 2308 se
466 2244 520 2307 lidi
543 2246 643 2332 magis
665 2248 777 2325 forent,
791 2248 880 2313 talius
895 2248 950 2313 alii
966 2250 1045 2312 tanti

102 2330 253 2395 facinoris
276 2330 409 2393 conscii.
454 2329 604 2395 Nonnulli
629 2332 701 2394 ficta
725 2332 815 2407 baec,
841 2335 936 2397 multa
967 2354 1045 2412 prae

102 2431 202 2493 terea,
225 2413 468 2492 existumabant,
483 2415 526 2477 ab
549 2415 598 2489 iis,
621 2415 674 2499 qui
696 2415 861 2490 Ciceronis
883 2416 1044 2498 invidiam,

102 2586 190 2638 duoerl
201 2585 297 2652 during
307 2584 352 2634 the
371 2583 432 2635 civil
453 2599 527 2635 mars.
562 2584 619 2635 'rte
638 2584 777 2638 victorious
796 2597 871 2657 party
881 2599 922 2642 set
937 2605 977 2655 up
988 2591 1045 2642 tab·

102 2655 154 2704 leta
168 2654 191 2702 in
199 2653 288 2717 public
296 2652 392 2715 places,
400 2651 548 2717 containing
558 2653 604 2703 the
615 2668 701 2703 names
722 2655 755 2704 of
772 2656 839 2707 tbeir
858 2659 976 2719 enemies,
992 2661 1044 2709 and

101 2718 213 2784 offaring
223 2736 239 2769 a
250 2716 349 2769 reward
361 2724 388 2767 to
397 2718 441 2768 tbe
448 2732 540 2782 person
549 2719 607 2769 wito
618 2720 712 2770 should
728 2724 879 2774 assassinate
894 2727 964 2776 them
974 2743 981 2773 ε
997 2727 1044 2777 tbe

102 2785 187 2853 gnods
194 2784 274 2836 ofthe
285 2784 435 2849 proscribed
447 2799 513 2835 were
521 2785 576 2836 alan
583 2785 741 2838 confiscated
752 2790 800 2837 end
813 2790 878 2839 sold.

136 2868 155 2916 p
175 2854 299 2966 questore.
331 2850 423 2900 Hithet·
446 2852 531 2916 Spain,
540 2852 558 2902 i.
567 2852 642 2904 athe
648 2852 758 2919 division
768 2854 800 2905 ol'
805 2856 851 2906 the
861 2863 969 2924 country
980 2864 1044 2908 next

58 2925 61 2930 '
102 2924 134 2969 to
149 2922 188 2967 Itu
198 2934 223 2983 y.
859 2965 865 2976 .

65 3005 70 3024 ι
136 2999 157 3051 q
173 2986 221 3034 Eo.
259 2986 320 3037 Onne
330 2981 408 3048 being
418 2982 590 3043 understoods
608 2986 633 3035 in
646 3001 717 3037 some
734 2987 844 3038 editions
856 2991 878 3039 it
893 2990 915 3039 is
927 3002 1045 3051 express·

101 3050 147 3121 erl,
160 3066 188 3100 aa
200 3051 221 3099 is
232 3050 377 3114 commonly
388 3050 433 3099 tlte
444 3066 511 3111 care,
522 3052 595 3114 rrbep
608 3063 832 3121 aocompunyment
848 3056 870 3105 ie
881 3054 1008 3123 significo.

136 3132 152 3167 r
166 3118 290 3181 Increpat.
323 3119 399 3168 Some
408 3116 519 3168 editions
529 3118 593 3169 bare
601 3123 750 3185 increpabat.

136 3199 153 3233 s
167 3185 324 3235 admixtae.
357 3185 386 3233 In
398 3197 469 3235 some
480 3185 555 3234 otber
564 3185 674 3242 editions
686 3192 820 3238 amnena.

137 3257 151 3299 t
166 3252 396 3302 ,ttius—conecti.
427 3252 452 3301 A
476 3250 596 3317 partitive
618 3265 732 3317 prououn
750 3254 866 3320 singular
882 3249 973 3319 joined
988 3255 1045 3302 toa
