<?xml version="1.0" encoding="UTF-8"?>
<!DOCTYPE html PUBLIC "-//W3C//DTD XHTML 1.0 Transitional//EN"
    "http://www.w3.org/TR/xhtml1/DTD/xhtml1-transitional.dtd">
<html xmlns="http://www.w3.org/1999/xhtml" xml:lang="en" lang="en">
 <head>
  <title>
</title>
<meta http-equiv="Content-Type" content="text/html;charset=utf-8" />
  <meta name='ocr-system' content='tesseract 3.04.00' />
  <meta name='ocr-capabilities' content='ocr_page ocr_carea ocr_par ocr_line ocrx_word'/>
</head>
<body>
  <div class='ocr_page' id='page_1' title='image "./ccrispisallusti04sallgoog_0160.png"; bbox 0 0 2392 4009; ppageno 0'>
   <div class='ocr_carea' id='block_1_1' title="bbox 125 189 810 262">
    <p class='ocr_par' dir='ltr' id='par_1_1' title="bbox 125 189 810 262">
     <span class='ocr_line' id='line_1_1' title="bbox 125 189 810 262; baseline 0 -4"><span class='ocrx_word' id='word_1_1' title='bbox 125 198 187 259; x_wconf 75' lang='lat' dir='ltr'><strong>too</strong></span> <span class='ocrx_word' id='word_1_2' title='bbox 413 189 590 257; x_wconf 80' lang='lat' dir='ltr'><strong>Sannnsrn</strong></span> <span class='ocrx_word' id='word_1_3' title='bbox 612 190 810 262; x_wconf 73' lang='lat' dir='ltr'><strong>Jnnmrrsa.</strong></span> 
     </span>
    </p>
   </div>
   <div class='ocr_carea' id='block_1_2' title="bbox 124 361 1194 1483">
    <p class='ocr_par' dir='ltr' id='par_1_2' title="bbox 124 361 1114 1312">
     <span class='ocr_line' id='line_1_2' title="bbox 125 361 1073 452; baseline 0.006 -24"><span class='ocrx_word' id='word_1_4' title='bbox 125 361 204 428; x_wconf 81' lang='lat' dir='ltr'><strong>Erat</strong></span> <span class='ocrx_word' id='word_1_5' title='bbox 228 363 258 427; x_wconf 83' lang='lat' dir='ltr'><strong>ci</strong></span> <span class='ocrx_word' id='word_1_6' title='bbox 284 361 421 430; x_wconf 80' lang='lat' dir='ltr'>Numida</span> <span class='ocrx_word' id='word_1_7' title='bbox 441 362 580 450; x_wconf 59' lang='lat' dir='ltr'><strong>quidm</strong></span> <span class='ocrx_word' id='word_1_8' title='bbox 605 365 801 452; x_wconf 71' lang='lat' dir='ltr'><strong>negotiorum</strong></span> <span class='ocrx_word' id='word_1_9' title='bbox 824 377 960 445; x_wconf 85' lang='lat' dir='ltr'><strong>curatur,</strong></span> <span class='ocrx_word' id='word_1_10' title='bbox 990 364 1073 434; x_wconf 77' lang='lat' dir='ltr'><strong>fidus</strong></span> 
     </span>
     <span class='ocr_line' id='line_1_3' title="bbox 124 450 1072 537; baseline 0.006 -25"><span class='ocrx_word' id='word_1_11' title='bbox 124 463 350 537; x_wconf 82' lang='lat' dir='ltr'><strong>acceptusque,</strong></span> <span class='ocrx_word' id='word_1_12' title='bbox 380 465 412 514; x_wconf 90' lang='lat' dir='ltr'><strong>et</strong></span> <span class='ocrx_word' id='word_1_13' title='bbox 451 453 589 516; x_wconf 88' lang='lat' dir='ltr'><strong>omnium</strong></span> <span class='ocrx_word' id='word_1_14' title='bbox 621 450 837 527; x_wconf 81' lang='lat' dir='ltr'><strong>consiliorum,</strong></span> <span class='ocrx_word' id='word_1_15' title='bbox 872 453 933 537; x_wconf 79' lang='lat' dir='ltr'><strong>nisi</strong></span> <span class='ocrx_word' id='word_1_16' title='bbox 964 453 1072 518; x_wconf 75' lang='lat' dir='ltr'><strong>noun·</strong></span> 
     </span>
     <span class='ocr_line' id='line_1_4' title="bbox 124 535 1074 622; baseline 0.001 -20"><span class='ocrx_word' id='word_1_17' title='bbox 124 536 217 616; x_wconf 84' lang='lat' dir='ltr'><strong>sumi,</strong></span> <span class='ocrx_word' id='word_1_18' title='bbox 255 539 426 621; x_wconf 77' lang='lat' dir='ltr'><strong>particeps.</strong></span> <span class='ocrx_word' id='word_1_19' title='bbox 486 535 549 617; x_wconf 84' lang='lat' dir='ltr'><strong>Qui</strong></span> <span class='ocrx_word' id='word_1_20' title='bbox 588 549 753 622; x_wconf 78' lang='lat' dir='ltr'><strong>postquam</strong></span> <span class='ocrx_word' id='word_1_21' title='bbox 789 537 913 604; x_wconf 84' lang='lat' dir='ltr'><strong>adlatas</strong></span> <span class='ocrx_word' id='word_1_22' title='bbox 949 536 1074 603; x_wconf 80' lang='lat' dir='ltr'><strong>litteras</strong></span> 
     </span>
     <span class='ocr_line' id='line_1_5' title="bbox 126 620 1074 708; baseline 0.002 -23"><span class='ocrx_word' id='word_1_23' title='bbox 126 620 258 701; x_wconf 76' lang='lat' dir='ltr'><strong>audivit,</strong></span> <span class='ocrx_word' id='word_1_24' title='bbox 290 644 331 688; x_wconf 84' lang='lat' dir='ltr'><strong>ex</strong></span> <span class='ocrx_word' id='word_1_25' title='bbox 360 622 587 687; x_wconf 78' lang='lat' dir='ltr'><strong>consuetudine</strong></span> <span class='ocrx_word' id='word_1_26' title='bbox 624 636 709 688; x_wconf 86' lang='lat' dir='ltr'><strong>ratus</strong></span> <span class='ocrx_word' id='word_1_27' title='bbox 737 644 837 707; x_wconf 82' lang='lat' dir='ltr'><strong>opera</strong></span> <span class='ocrx_word' id='word_1_28' title='bbox 866 624 1074 708; x_wconf 77' lang='lat' dir='ltr'><strong>aut&#39;ingenio</strong></span> 
     </span>
     <span class='ocr_line' id='line_1_6' title="bbox 126 707 1072 794; baseline -0.001 -21"><span class='ocrx_word' id='word_1_29' title='bbox 126 730 275 794; x_wconf 85' lang='lat' dir='ltr'><strong>snoopus</strong></span> <span class='ocrx_word' id='word_1_30' title='bbox 298 729 380 784; x_wconf 78' lang='lat' dir='ltr'><strong>asse,</strong></span> <span class='ocrx_word' id='word_1_31' title='bbox 404 707 435 773; x_wconf 86' lang='lat' dir='ltr'><strong>in</strong></span> <span class='ocrx_word' id='word_1_32' title='bbox 457 708 694 774; x_wconf 85' lang='lat' dir='ltr'><strong>tabernaculum</strong></span> <span class='ocrx_word' id='word_1_33' title='bbox 710 710 872 774; x_wconf 76' lang='lat' dir='ltr'><strong>introivita</strong></span> <span class='ocrx_word' id='word_1_34' title='bbox 894 708 1072 782; x_wconf 72' lang='lat' dir='ltr'>dormiente</span> 
     </span>
     <span class='ocr_line' id='line_1_7' title="bbox 126 793 1073 880; baseline -0.001 -21"><span class='ocrx_word' id='word_1_35' title='bbox 126 793 182 859; x_wconf 89' lang='lat' dir='ltr'><strong>ilio</strong></span> <span class='ocrx_word' id='word_1_36' title='bbox 205 793 383 880; x_wconf 78' lang='lat' dir='ltr'><strong>epistolam.</strong></span> <span class='ocrx_word' id='word_1_37' title='bbox 399 805 495 880; x_wconf 84' lang='lat' dir='ltr'><strong>s&#39;nper</strong></span> <span class='ocrx_word' id='word_1_38' title='bbox 514 809 611 880; x_wconf 85' lang='lat' dir='ltr'><strong>caput</strong></span> <span class='ocrx_word' id='word_1_39' title='bbox 637 796 668 859; x_wconf 91' lang='lat' dir='ltr'><strong>in</strong></span> <span class='ocrx_word' id='word_1_40' title='bbox 695 795 825 879; x_wconf 83' lang='lat' dir='ltr'><strong>pulvino</strong></span> <span class='ocrx_word' id='word_1_41' title='bbox 845 811 962 860; x_wconf 81' lang='lat' dir='ltr'><strong>temera</strong></span> <span class='ocrx_word' id='word_1_42' title='bbox 984 796 1073 880; x_wconf 83' lang='lat' dir='ltr'><strong>posi·</strong></span> 
     </span>
     <span class='ocr_line' id='line_1_8' title="bbox 126 880 1074 968; baseline 0 -24"><span class='ocrx_word' id='word_1_43' title='bbox 126 895 201 955; x_wconf 79' lang='lat' dir='ltr'><strong>ram,</strong></span> <span class='ocrx_word' id='word_1_44' title='bbox 228 883 321 946; x_wconf 86' lang='lat' dir='ltr'><strong>sumit</strong></span> <span class='ocrx_word' id='word_1_45' title='bbox 343 902 381 944; x_wconf 87' lang='lat' dir='ltr'><strong>ac</strong></span> <span class='ocrx_word' id='word_1_46' title='bbox 409 880 665 967; x_wconf 76' lang='lat' dir='ltr'><strong>perlegi13dnin</strong></span> <span class='ocrx_word' id='word_1_47' title='bbox 689 903 835 966; x_wconf 78' lang='lat' dir='ltr'><strong>propere,</strong></span> <span class='ocrx_word' id='word_1_48' title='bbox 860 882 995 968; x_wconf 77' lang='lat' dir='ltr'>cognitis</span> <span class='ocrx_word' id='word_1_49' title='bbox 1026 883 1074 945; x_wconf 68' lang='lat' dir='ltr'><strong>ins</strong></span> 
     </span>
     <span class='ocr_line' id='line_1_9' title="bbox 126 964 1072 1053; baseline 0.001 -22"><span class='ocrx_word' id='word_1_50' title='bbox 126 964 228 1045; x_wconf 77' lang='lat' dir='ltr'><strong>cidiis,</strong></span> <span class='ocrx_word' id='word_1_51' title='bbox 243 965 284 1033; x_wconf 86' lang='lat' dir='ltr'><strong>ad</strong></span> <span class='ocrx_word' id='word_1_52' title='bbox 299 988 407 1053; x_wconf 77' lang='lat' dir='ltr'><strong>regem</strong></span> <span class='ocrx_word' id='word_1_53' title='bbox 431 969 545 1053; x_wconf 82' lang='lat' dir='ltr'><strong>pergit.</strong></span> <span class='ocrx_word' id='word_1_54' title='bbox 591 965 771 1046; x_wconf 75' lang='lat' dir='ltr'><strong>Nabdalsa,</strong></span> <span class='ocrx_word' id='word_1_55' title='bbox 794 981 877 1051; x_wconf 88' lang='lat' dir='ltr'><strong>post-</strong></span> <span class='ocrx_word' id='word_1_56' title='bbox 892 965 1072 1052; x_wconf 73' lang='lat' dir='ltr'><strong>paulinani</strong></span> 
     </span>
     <span class='ocr_line' id='line_1_10' title="bbox 125 1051 1074 1139; baseline -0.001 -24"><span class='ocrx_word' id='word_1_57' title='bbox 125 1068 300 1139; x_wconf 77' lang='lat' dir='ltr'><strong>percoctus,</strong></span> <span class='ocrx_word' id='word_1_58' title='bbox 326 1053 380 1116; x_wconf 86' lang='lat' dir='ltr'><strong>ubi</strong></span> <span class='ocrx_word' id='word_1_59' title='bbox 408 1073 510 1139; x_wconf 86' lang='lat' dir='ltr'><strong>neque</strong></span> <span class='ocrx_word' id='word_1_60' title='bbox 532 1051 701 1137; x_wconf 83' lang='lat' dir='ltr'><strong>epistolam</strong></span> <span class='ocrx_word' id='word_1_61' title='bbox 723 1055 853 1137; x_wconf 62' lang='lat' dir='ltr'><strong>regerit,</strong></span> <span class='ocrx_word' id='word_1_62' title='bbox 877 1066 909 1118; x_wconf 89' lang='lat' dir='ltr'><strong>et</strong></span> <span class='ocrx_word' id='word_1_63' title='bbox 923 1074 989 1118; x_wconf 85' lang='lat' dir='ltr'><strong>rem</strong></span> <span class='ocrx_word' id='word_1_64' title='bbox 1006 1074 1074 1117; x_wconf 58' lang='lat' dir='ltr'><strong>om.-</strong></span> 
     </span>
     <span class='ocr_line' id='line_1_11' title="bbox 125 1137 1074 1227; baseline 0 -23"><span class='ocrx_word' id='word_1_65' title='bbox 125 1159 210 1216; x_wconf 88' lang='lat' dir='ltr'><strong>nem,</strong></span> <span class='ocrx_word' id='word_1_66' title='bbox 236 1140 280 1204; x_wconf 90' lang='lat' dir='ltr'><strong>uti</strong></span> <span class='ocrx_word' id='word_1_67' title='bbox 307 1149 405 1217; x_wconf 66' lang='lat' dir='ltr'><strong>kacta,</strong></span> <span class='ocrx_word' id='word_1_68' title='bbox 431 1139 591 1227; x_wconf 78' lang='lat' dir='ltr'><strong>cognovit,</strong></span> <span class='ocrx_word' id='word_1_69' title='bbox 620 1139 722 1223; x_wconf 84' lang='lat' dir='ltr'><strong>primo</strong></span> <span class='ocrx_word' id='word_1_70' title='bbox 749 1137 894 1214; x_wconf 81' lang='lat' dir='ltr'><strong>&#39;indicem</strong></span> <span class='ocrx_word' id='word_1_71' title='bbox 925 1140 1074 1223; x_wconf 79' lang='lat' dir='ltr'>persequi</span> 
     </span>
     <span class='ocr_line' id='line_1_12' title="bbox 127 1223 1114 1312; baseline -0.001 -22"><span class='ocrx_word' id='word_1_72' title='bbox 127 1239 259 1292; x_wconf 82' lang='lat' dir='ltr'><strong>conatus</strong></span> <span class='ocrx_word' id='word_1_73' title='bbox 280 1251 289 1304; x_wconf 79' lang='lat'>3</span> <span class='ocrx_word' id='word_1_74' title='bbox 313 1238 477 1310; x_wconf 77' lang='lat' dir='ltr'><strong>postquam</strong></span> <span class='ocrx_word' id='word_1_75' title='bbox 509 1223 540 1290; x_wconf 93' lang='lat' dir='ltr'><strong>id</strong></span> <span class='ocrx_word' id='word_1_76' title='bbox 567 1225 679 1290; x_wconf 79' lang='lat' dir='ltr'><strong>frustra</strong></span> <span class='ocrx_word' id='word_1_77' title='bbox 705 1225 771 1302; x_wconf 82' lang='lat' dir='ltr'><strong>luit,</strong></span> <span class='ocrx_word' id='word_1_78' title='bbox 801 1224 987 1312; x_wconf 82' lang='lat' dir='ltr'><strong>Jugnrtltam</strong></span> <span class='ocrx_word' id='word_1_79' title='bbox 1003 1224 1074 1310; x_wconf 90' lang='lat' dir='ltr'><strong>pla·</strong></span> <span class='ocrx_word' id='word_1_80' title='bbox 1110 1249 1114 1253; x_wconf 57' lang='grc'>“</span> 
     </span>
    </p>

    <p class='ocr_par' dir='ltr' id='par_1_3' title="bbox 126 1310 1194 1483">
     <span class='ocr_line' id='line_1_13' title="bbox 127 1310 1194 1462; baseline -0.006 -86"><span class='ocrx_word' id='word_1_81' title='bbox 127 1310 221 1378; x_wconf 89' lang='lat' dir='ltr'><strong>candi</strong></span> <span class='ocrx_word' id='word_1_82' title='bbox 237 1312 339 1400; x_wconf 84' lang='lat' dir='ltr'><strong>gratia</strong></span> <span class='ocrx_word' id='word_1_83' title='bbox 362 1310 513 1378; x_wconf 84' lang='lat' dir='ltr'><strong>accedit:</strong></span> <span class='ocrx_word' id='word_1_84' title='bbox 537 1318 557 1349; x_wconf 87' lang='lat'><strong>“</strong></span> <span class='ocrx_word' id='word_1_85' title='bbox 573 1332 655 1397; x_wconf 78' lang='lat' dir='ltr'><strong>quae</strong></span> <span class='ocrx_word' id='word_1_86' title='bbox 678 1312 749 1462; x_wconf 80' lang='lat' dir='ltr'><strong>ipse</strong></span> <span class='ocrx_word' id='word_1_87' title='bbox 765 1313 952 1396; x_wconf 81' lang='lat' dir='ltr'><strong>paravisset,</strong></span> <span class='ocrx_word' id='word_1_88' title='bbox 979 1310 1093 1396; x_wconf 82' lang='lat' dir='ltr'><strong>perfi·.</strong></span> <span class='ocrx_word' id='word_1_89' title='bbox 1193 1351 1194 1370; x_wconf 66' lang='lat'><strong>.</strong></span> 
     </span>
     <span class='ocr_line' id='line_1_14' title="bbox 126 1397 1076 1483; baseline -0.001 -20"><span class='ocrx_word' id='word_1_90' title='bbox 126 1398 179 1463; x_wconf 90' lang='lat' dir='ltr'><strong>dia</strong></span> <span class='ocrx_word' id='word_1_91' title='bbox 206 1398 331 1464; x_wconf 86' lang='lat' dir='ltr'><strong>clientis</strong></span> <span class='ocrx_word' id='word_1_92' title='bbox 349 1399 399 1463; x_wconf 84' lang='lat' dir='ltr'><strong>sni</strong></span> <span class='ocrx_word' id='word_1_93' title='bbox 419 1412 615 1483; x_wconf 62' lang='lat' dir='ltr'><strong>“praeventa</strong></span> <span class='ocrx_word' id='word_1_94' title='bbox 632 1399 666 1462; x_wconf 58' lang='grc' dir='ltr'><strong>θ’</strong></span> <span class='ocrx_word' id='word_1_95' title='bbox 703 1418 867 1464; x_wconf 76' lang='lat' dir='ltr'><strong>aerumans</strong></span> <span class='ocrx_word' id='word_1_96' title='bbox 898 1397 1076 1462; x_wconf 83' lang='lat' dir='ltr'><strong>obtestatur</strong></span> 
     </span>
    </p>
   </div>
   <div class='ocr_carea' id='block_1_3' title="bbox 126 1481 1190 2070">
    <p class='ocr_par' dir='ltr' id='par_1_4' title="bbox 126 1481 1190 2070">
     <span class='ocr_line' id='line_1_15' title="bbox 126 1481 1074 1571; baseline 0.005 -26"><span class='ocrx_word' id='word_1_97' title='bbox 126 1481 147 1524; x_wconf 78' lang='lat'><strong>‘²</strong></span> <span class='ocrx_word' id='word_1_98' title='bbox 165 1504 222 1570; x_wconf 84' lang='lat' dir='ltr'><strong>per</strong></span> <span class='ocrx_word' id='word_1_99' title='bbox 236 1485 417 1563; x_wconf 78' lang='lat' dir='ltr'><strong>amicitiam,</strong></span> <span class='ocrx_word' id='word_1_100' title='bbox 433 1505 552 1571; x_wconf 80' lang='lat' dir='ltr'><strong>perque</strong></span> <span class='ocrx_word' id='word_1_101' title='bbox 578 1504 636 1549; x_wconf 84' lang='lat' dir='ltr'><strong>sua</strong></span> <span class='ocrx_word' id='word_1_102' title='bbox 657 1498 751 1549; x_wconf 83' lang='lat' dir='ltr'><strong>antea</strong></span> <span class='ocrx_word' id='word_1_103' title='bbox 777 1482 912 1548; x_wconf 85' lang='lat' dir='ltr'><strong>fideliter</strong></span> <span class='ocrx_word' id='word_1_104' title='bbox 933 1496 1017 1561; x_wconf 79' lang='lat' dir='ltr'><strong>acta,</strong></span> <span class='ocrx_word' id='word_1_105' title='bbox 1033 1505 1074 1550; x_wconf 79' lang='lat' dir='ltr'><strong>ne</strong></span> 
     </span>
     <span class='ocr_line' id='line_1_16' title="bbox 127 1568 970 1656; baseline -0.006 -18"><span class='ocrx_word' id='word_1_106' title='bbox 127 1592 224 1656; x_wconf 85' lang='lat' dir='ltr'><strong>super</strong></span> <span class='ocrx_word' id='word_1_107' title='bbox 239 1568 293 1634; x_wconf 90' lang='lat' dir='ltr'><strong>tali</strong></span> <span class='ocrx_word' id='word_1_108' title='bbox 309 1569 429 1636; x_wconf 86' lang='lat' dir='ltr'><strong>scelere</strong></span> <span class='ocrx_word' id='word_1_109' title='bbox 445 1584 626 1655; x_wconf 81' lang='lat' dir='ltr'><strong>suspectum</strong></span> <span class='ocrx_word' id='word_1_110' title='bbox 642 1592 715 1636; x_wconf 83' lang='lat' dir='ltr'><strong>sese</strong></span> <span class='ocrx_word' id='word_1_111' title='bbox 728 1569 899 1635; x_wconf 83' lang='lat' dir='ltr'><strong>haberet.”</strong></span> <span class='ocrx_word' id='word_1_112' title='bbox 964 1615 970 1622; x_wconf 83' lang='lat'>-</span> 
     </span>
     <span class='ocr_line' id='line_1_17' title="bbox 172 1655 1075 1743; baseline -0.006 -19"><span class='ocrx_word' id='word_1_113' title='bbox 172 1655 308 1724; x_wconf 86' lang='lat' dir='ltr'><strong>LXXll.</strong></span> <span class='ocrx_word' id='word_1_114' title='bbox 352 1659 403 1722; x_wconf 83' lang='lat' dir='ltr'><strong>An</strong></span> <span class='ocrx_word' id='word_1_115' title='bbox 426 1679 465 1721; x_wconf 88' lang='lat' dir='ltr'><strong>ea</strong></span> <span class='ocrx_word' id='word_1_116' title='bbox 485 1677 542 1720; x_wconf 86' lang='lat' dir='ltr'><strong>rex</strong></span> <span class='ocrx_word' id='word_1_117' title='bbox 556 1656 674 1734; x_wconf 66' lang='lat' dir='ltr'><strong>“alitem</strong></span> <span class='ocrx_word' id='word_1_118' title='bbox 689 1669 783 1741; x_wconf 86' lang='lat' dir='ltr'><strong>atque</strong></span> <span class='ocrx_word' id='word_1_119' title='bbox 808 1657 915 1720; x_wconf 87' lang='lat' dir='ltr'><strong>animo</strong></span> <span class='ocrx_word' id='word_1_120' title='bbox 928 1655 1075 1743; x_wconf 76' lang='lat' dir='ltr'><strong>gerebat,</strong></span> 
     </span>
     <span class='ocr_line' id='line_1_18' title="bbox 126 1740 1190 1832; baseline -0.003 -22"><span class='ocrx_word' id='word_1_121' title='bbox 126 1743 254 1832; x_wconf 80' lang='lat' dir='ltr'><strong>placide</strong></span> <span class='ocrx_word' id='word_1_122' title='bbox 270 1743 446 1829; x_wconf 82' lang='lat' dir='ltr'><strong>respondit.</strong></span> <span class='ocrx_word' id='word_1_123' title='bbox 490 1741 672 1810; x_wconf 78' lang='lat' dir='ltr'><strong>Bomilcare</strong></span> <span class='ocrx_word' id='word_1_124' title='bbox 697 1740 831 1828; x_wconf 79' lang='lat' dir='ltr'><strong>aliisque</strong></span> <span class='ocrx_word' id='word_1_125' title='bbox 852 1742 968 1818; x_wconf 83' lang='lat' dir='ltr'><strong>multis,</strong></span> <span class='ocrx_word' id='word_1_126' title='bbox 993 1764 1074 1829; x_wconf 80' lang='lat' dir='ltr'><strong>quos</strong></span> <span class='ocrx_word' id='word_1_127' title='bbox 1185 1777 1190 1782; x_wconf 91' lang='lat'><strong>·</strong></span> 
     </span>
     <span class='ocr_line' id='line_1_19' title="bbox 127 1828 1073 1917; baseline -0.004 -19"><span class='ocrx_word' id='word_1_128' title='bbox 127 1833 233 1897; x_wconf 85' lang='lat' dir='ltr'><strong>socios</strong></span> <span class='ocrx_word' id='word_1_129' title='bbox 261 1829 444 1896; x_wconf 85' lang='lat' dir='ltr'><strong>insidiarum</strong></span> <span class='ocrx_word' id='word_1_130' title='bbox 473 1842 678 1917; x_wconf 83' lang='lat' dir='ltr'><strong>cognoverat,</strong></span> <span class='ocrx_word' id='word_1_131' title='bbox 709 1828 992 1905; x_wconf 62' lang='lat' dir='ltr'><strong>interfeminium</strong></span> <span class='ocrx_word' id='word_1_132' title='bbox 1015 1851 1073 1914; x_wconf 80' lang='lat' dir='ltr'><strong>op·</strong></span> 
     </span>
     <span class='ocr_line' id='line_1_20' title="bbox 126 1914 1074 2070; baseline -0.003 -89"><span class='ocrx_word' id='word_1_133' title='bbox 126 1928 313 2070; x_wconf 64' lang='lat' dir='ltr'><strong>ppasserat3</strong></span> <span class='ocrx_word' id='word_1_134' title='bbox 344 1938 380 1980; x_wconf 79' lang='lat' dir='ltr'><strong>nr</strong></span> <span class='ocrx_word' id='word_1_135' title='bbox 407 1936 467 2001; x_wconf 88' lang='lat' dir='ltr'><strong>qua</strong></span> <span class='ocrx_word' id='word_1_136' title='bbox 502 1935 544 1978; x_wconf 81' lang='lat' dir='ltr'><strong>ex</strong></span> <span class='ocrx_word' id='word_1_137' title='bbox 570 1937 612 1979; x_wconf 87' lang='lat' dir='ltr'><strong>co</strong></span> <span class='ocrx_word' id='word_1_138' title='bbox 636 1915 771 2068; x_wconf 48' lang='lat' dir='ltr'><strong>negotio·</strong></span> <span class='ocrx_word' id='word_1_139' title='bbox 788 1914 902 1980; x_wconf 84' lang='lat' dir='ltr'><strong>reditio</strong></span> <span class='ocrx_word' id='word_1_140' title='bbox 927 1915 1074 1982; x_wconf 76' lang='lat' dir='ltr'><strong>oriretur.</strong></span> 
     </span>
    </p>
   </div>
   <div class='ocr_carea' id='block_1_4' title="bbox 127 1998 1075 2606">
    <p class='ocr_par' dir='ltr' id='par_1_5' title="bbox 127 1998 1075 2606">
     <span class='ocr_line' id='line_1_21' title="bbox 162 1998 1072 2090; baseline -0.004 -22"><span class='ocrx_word' id='word_1_141' title='bbox 162 2025 242 2090; x_wconf 83' lang='lat' dir='ltr'><strong>eque</strong></span> <span class='ocrx_word' id='word_1_142' title='bbox 257 2015 330 2085; x_wconf 87' lang='lat' dir='ltr'><strong>post</strong></span> <span class='ocrx_word' id='word_1_143' title='bbox 353 2001 384 2066; x_wconf 93' lang='lat' dir='ltr'><strong>il</strong></span> <span class='ocrx_word' id='word_1_144' title='bbox 400 2000 539 2066; x_wconf 90' lang='lat' dir='ltr'><strong>locorum</strong></span> <span class='ocrx_word' id='word_1_145' title='bbox 565 2000 585 2065; x_wconf 92' lang='lat' dir='ltr'>J</span> <span class='ocrx_word' id='word_1_146' title='bbox 589 2017 679 2088; x_wconf 82' lang='lat' dir='ltr'><strong>ngurt</strong></span> <span class='ocrx_word' id='word_1_147' title='bbox 702 2021 741 2066; x_wconf 88' lang='lat' dir='ltr'><strong>au</strong></span> <span class='ocrx_word' id='word_1_148' title='bbox 756 2000 837 2078; x_wconf 84' lang='lat' dir='ltr'><strong>dier,</strong></span> <span class='ocrx_word' id='word_1_149' title='bbox 851 2015 905 2066; x_wconf 91' lang='lat' dir='ltr'><strong>aut</strong></span> <span class='ocrx_word' id='word_1_150' title='bbox 928 2021 992 2064; x_wconf 80' lang='lat' dir='ltr'><strong>noa</strong></span> <span class='ocrx_word' id='word_1_151' title='bbox 1009 1998 1072 2064; x_wconf 89' lang='lat' dir='ltr'><strong>ulla</strong></span> 
     </span>
     <span class='ocr_line' id='line_1_22' title="bbox 127 2085 1073 2177; baseline -0.002 -23"><span class='ocrx_word' id='word_1_152' title='bbox 127 2090 233 2177; x_wconf 86' lang='lat' dir='ltr'><strong>quieta</strong></span> <span class='ocrx_word' id='word_1_153' title='bbox 254 2088 379 2152; x_wconf 75' lang='lat' dir='ltr'><strong>tsuere:</strong></span> <span class='ocrx_word' id='word_1_154' title='bbox 404 2109 504 2173; x_wconf 85' lang='lat' dir='ltr'><strong>oeque</strong></span> <span class='ocrx_word' id='word_1_155' title='bbox 531 2085 614 2164; x_wconf 90' lang='lat' dir='ltr'><strong>loco,</strong></span> <span class='ocrx_word' id='word_1_156' title='bbox 640 2109 743 2173; x_wconf 84' lang='lat' dir='ltr'><strong>neqrre</strong></span> <span class='ocrx_word' id='word_1_157' title='bbox 770 2086 892 2156; x_wconf 82' lang='lat' dir='ltr'><strong>mortali</strong></span> <span class='ocrx_word' id='word_1_158' title='bbox 915 2087 1073 2171; x_wconf 80' lang='lat' dir='ltr'><strong>cuiquam,</strong></span> 
     </span>
     <span class='ocr_line' id='line_1_23' title="bbox 127 2171 1073 2257; baseline -0.003 -17"><span class='ocrx_word' id='word_1_159' title='bbox 127 2188 182 2242; x_wconf 87' lang='lat' dir='ltr'><strong>aut</strong></span> <span class='ocrx_word' id='word_1_160' title='bbox 212 2174 346 2256; x_wconf 84' lang='lat' dir='ltr'><strong>tempori</strong></span> <span class='ocrx_word' id='word_1_161' title='bbox 367 2175 444 2237; x_wconf 87' lang='lat' dir='ltr'><strong>satis</strong></span> <span class='ocrx_word' id='word_1_162' title='bbox 468 2171 626 2237; x_wconf 75' lang='lat' dir='ltr'><strong>crederer</strong></span> <span class='ocrx_word' id='word_1_163' title='bbox 657 2174 748 2250; x_wconf 84' lang='lat' dir='ltr'><strong>civis,</strong></span> <span class='ocrx_word' id='word_1_164' title='bbox 776 2172 874 2240; x_wconf 77' lang='lat' dir='ltr'><strong>ltostii</strong></span> <span class='ocrx_word' id='word_1_165' title='bbox 891 2173 985 2257; x_wconf 81' lang='lat' dir='ltr'><strong>juxta</strong></span> <span class='ocrx_word' id='word_1_166' title='bbox 1009 2194 1073 2237; x_wconf 87' lang='lat' dir='ltr'><strong>me·</strong></span> 
     </span>
     <span class='ocr_line' id='line_1_24' title="bbox 128 2260 1075 2345; baseline -0.004 -18"><span class='ocrx_word' id='word_1_167' title='bbox 128 2277 241 2326; x_wconf 84' lang='lat' dir='ltr'><strong>tuere:</strong></span> <span class='ocrx_word' id='word_1_168' title='bbox 263 2260 544 2344; x_wconf 75' lang='lat' dir='ltr'><strong>rctrcnmspecrare</strong></span> <span class='ocrx_word' id='word_1_169' title='bbox 560 2261 676 2335; x_wconf 87' lang='lat' dir='ltr'><strong>omnia,</strong></span> <span class='ocrx_word' id='word_1_170' title='bbox 701 2273 732 2324; x_wconf 89' lang='lat' dir='ltr'><strong>et</strong></span> <span class='ocrx_word' id='word_1_171' title='bbox 756 2260 841 2322; x_wconf 87' lang='lat' dir='ltr'><strong>omni</strong></span> <span class='ocrx_word' id='word_1_172' title='bbox 866 2261 1000 2345; x_wconf 79' lang='lat' dir='ltr'><strong>strepitu</strong></span> <span class='ocrx_word' id='word_1_173' title='bbox 1017 2280 1075 2343; x_wconf 88' lang='lat' dir='ltr'><strong>pa·</strong></span> 
     </span>
     <span class='ocr_line' id='line_1_25' title="bbox 127 2344 1071 2432; baseline -0.004 -19"><span class='ocrx_word' id='word_1_174' title='bbox 127 2368 285 2413; x_wconf 80' lang='lat' dir='ltr'><strong>resuere:</strong></span> <span class='ocrx_word' id='word_1_175' title='bbox 309 2346 373 2411; x_wconf 90' lang='lat' dir='ltr'><strong>alio</strong></span> <span class='ocrx_word' id='word_1_176' title='bbox 398 2361 492 2432; x_wconf 86' lang='lat' dir='ltr'><strong>atquc</strong></span> <span class='ocrx_word' id='word_1_177' title='bbox 518 2345 582 2409; x_wconf 89' lang='lat' dir='ltr'><strong>alio</strong></span> <span class='ocrx_word' id='word_1_178' title='bbox 598 2346 692 2422; x_wconf 63' lang='lat' dir='ltr'><strong>=loco.</strong></span> <span class='ocrx_word' id='word_1_179' title='bbox 718 2366 817 2430; x_wconf 84' lang='lat' dir='ltr'><strong>saepe</strong></span> <span class='ocrx_word' id='word_1_180' title='bbox 839 2359 949 2410; x_wconf 87' lang='lat' dir='ltr'><strong>contra</strong></span> <span class='ocrx_word' id='word_1_181' title='bbox 973 2344 1071 2409; x_wconf 88' lang='lat' dir='ltr'><strong>decus</strong></span> 
     </span>
     <span class='ocr_line' id='line_1_26' title="bbox 127 2431 1073 2523; baseline -0.006 -22"><span class='ocrx_word' id='word_1_182' title='bbox 127 2437 248 2523; x_wconf 85' lang='lat' dir='ltr'><strong>regium</strong></span> <span class='ocrx_word' id='word_1_183' title='bbox 276 2449 369 2498; x_wconf 87' lang='lat' dir='ltr'><strong>noctu</strong></span> <span class='ocrx_word' id='word_1_184' title='bbox 393 2435 592 2519; x_wconf 77' lang='lat' dir='ltr'><strong>requiescere</strong></span> <span class='ocrx_word' id='word_1_185' title='bbox 609 2456 618 2495; x_wconf 79' lang='lat' dir='ltr'><strong>r</strong></span> <span class='ocrx_word' id='word_1_186' title='bbox 644 2431 797 2496; x_wconf 84' lang='lat' dir='ltr'><strong>interdum</strong></span> <span class='ocrx_word' id='word_1_187' title='bbox 813 2452 922 2496; x_wconf 87' lang='lat' dir='ltr'><strong>somno</strong></span> <span class='ocrx_word' id='word_1_188' title='bbox 939 2433 1073 2510; x_wconf 82' lang='lat' dir='ltr'><strong>excitus,</strong></span> 
     </span>
     <span class='ocr_line' id='line_1_27' title="bbox 127 2515 1072 2606; baseline -0.003 -21"><span class='ocrx_word' id='word_1_189' title='bbox 127 2521 264 2606; x_wconf 83' lang='lat' dir='ltr'><strong>arreptis</strong></span> <span class='ocrx_word' id='word_1_190' title='bbox 283 2520 378 2583; x_wconf 89' lang='lat' dir='ltr'><strong>armis</strong></span> <span class='ocrx_word' id='word_1_191' title='bbox 392 2518 551 2583; x_wconf 87' lang='lat' dir='ltr'><strong>tumultum</strong></span> <span class='ocrx_word' id='word_1_192' title='bbox 568 2519 673 2584; x_wconf 82' lang='lat' dir='ltr'><strong>lacere</strong></span> <span class='ocrx_word' id='word_1_193' title='bbox 690 2541 700 2581; x_wconf 76' lang='lat' dir='ltr'>t</span> <span class='ocrx_word' id='word_1_194' title='bbox 723 2519 765 2583; x_wconf 89' lang='lat' dir='ltr'><strong>ita</strong></span> <span class='ocrx_word' id='word_1_195' title='bbox 781 2515 958 2594; x_wconf 80' lang='lat' dir='ltr'><strong>formidine,</strong></span> <span class='ocrx_word' id='word_1_196' title='bbox 982 2518 1072 2603; x_wconf 74' lang='lat' dir='ltr'><strong>quasi</strong></span> 
     </span>
    </p>
   </div>
   <div class='ocr_carea' id='block_1_5' title="bbox 114 2604 1194 2792">
    <p class='ocr_par' dir='ltr' id='par_1_6' title="bbox 114 2604 1194 2792">
     <span class='ocr_line' id='line_1_28' title="bbox 127 2604 1019 2690; baseline -0.016 -16"><span class='ocrx_word' id='word_1_197' title='bbox 127 2604 289 2679; x_wconf 74' lang='lat' dir='ltr'><strong>vecordia,</strong></span> <span class='ocrx_word' id='word_1_198' title='bbox 305 2605 474 2690; x_wconf 86' lang='lat' dir='ltr'><strong>exagitari.</strong></span> <span class='ocrx_word' id='word_1_199' title='bbox 1016 2645 1019 2650; x_wconf 57' lang='grc'><em>»</em></span> 
     </span>
     <span class='ocr_line' id='line_1_29' title="bbox 114 2687 1194 2792; baseline -0.002 -34"><span class='ocrx_word' id='word_1_200' title='bbox 114 2719 146 2758; x_wconf 58' lang='lat' dir='ltr'><strong>x</strong></span> <span class='ocrx_word' id='word_1_201' title='bbox 171 2690 324 2792; x_wconf 76' lang='lat' dir='ltr'><strong>thtttt.</strong></span> <span class='ocrx_word' id='word_1_202' title='bbox 381 2691 498 2753; x_wconf 82' lang='lat' dir='ltr'><strong>lurrns</strong></span> <span class='ocrx_word' id='word_1_203' title='bbox 521 2688 681 2768; x_wconf 69' lang='lat' dir='ltr'><strong>Melenos,</strong></span> <span class='ocrx_word' id='word_1_204' title='bbox 703 2687 757 2754; x_wconf 88' lang='lat' dir='ltr'><strong>ubi</strong></span> <span class='ocrx_word' id='word_1_205' title='bbox 782 2688 824 2754; x_wconf 83' lang='lat' dir='ltr'><strong>de</strong></span> <span class='ocrx_word' id='word_1_206' title='bbox 855 2709 930 2758; x_wconf 84' lang='lat' dir='ltr'><strong>casu</strong></span> <span class='ocrx_word' id='word_1_207' title='bbox 953 2689 1072 2756; x_wconf 87' lang='lat' dir='ltr'><strong>Bomil-</strong></span> <span class='ocrx_word' id='word_1_208' title='bbox 1110 2724 1125 2731; x_wconf 88' lang='lat'>-</span> <span class='ocrx_word' id='word_1_209' title='bbox 1193 2745 1194 2756; x_wconf 70' lang='grc'>,</span> 
     </span>
    </p>
   </div>
   <div class='ocr_carea' id='block_1_6' title="bbox 66 2928 1075 3473">
    <p class='ocr_par' dir='ltr' id='par_1_7' title="bbox 66 2928 1073 3336">
     <span class='ocr_line' id='line_1_30' title="bbox 128 2928 1073 3001; baseline -0.011 -13"><span class='ocrx_word' id='word_1_210' title='bbox 128 2973 131 2978; x_wconf 80' lang='lat'><em>-</em></span> <span class='ocrx_word' id='word_1_211' title='bbox 160 2937 271 2988; x_wconf 65' lang='lat' dir='ltr'><strong>karra.</strong></span> <span class='ocrx_word' id='word_1_212' title='bbox 305 2931 486 2988; x_wconf 77' lang='lat' dir='ltr'><strong>Alrcrucroin</strong></span> <span class='ocrx_word' id='word_1_213' title='bbox 498 2949 569 2985; x_wconf 83' lang='lat' dir='ltr'><strong>some</strong></span> <span class='ocrx_word' id='word_1_214' title='bbox 585 2932 695 2983; x_wconf 85' lang='lat' dir='ltr'><strong>editions</strong></span> <span class='ocrx_word' id='word_1_215' title='bbox 708 2947 747 2983; x_wconf 82' lang='lat' dir='ltr'><strong>we</strong></span> <span class='ocrx_word' id='word_1_216' title='bbox 766 2928 820 2982; x_wconf 82' lang='lat' dir='ltr'><strong>find</strong></span> <span class='ocrx_word' id='word_1_217' title='bbox 840 2949 874 2982; x_wconf 75' lang='lat' dir='ltr'><strong>ex</strong></span> <span class='ocrx_word' id='word_1_218' title='bbox 890 2933 1007 3000; x_wconf 67' lang='lat' dir='ltr'><strong>perfugia</strong></span> <span class='ocrx_word' id='word_1_219' title='bbox 1018 2952 1073 3001; x_wconf 76' lang='lat' dir='ltr'><strong>rog.</strong></span> 
     </span>
     <span class='ocr_line' id='line_1_31' title="bbox 129 3009 773 3055; baseline -0.008 0"><span class='ocrx_word' id='word_1_220' title='bbox 129 3009 202 3055; x_wconf 73' lang='lat' dir='ltr'><strong>norit.</strong></span> <span class='ocrx_word' id='word_1_221' title='bbox 317 3030 319 3036; x_wconf 43' lang='lat' dir='ltr'>v</span> <span class='ocrx_word' id='word_1_222' title='bbox 769 3017 773 3021; x_wconf 89' lang='lat'>·</span> 
     </span>
     <span class='ocr_line' id='line_1_32' title="bbox 162 3067 532 3136; baseline -0.016 -13"><span class='ocrx_word' id='word_1_223' title='bbox 162 3073 302 3136; x_wconf 49' lang='lat' dir='ltr'><strong>lindiam.</strong></span> <span class='ocrx_word' id='word_1_224' title='bbox 335 3070 393 3120; x_wconf 81' lang='lat' dir='ltr'><strong>The</strong></span> <span class='ocrx_word' id='word_1_225' title='bbox 404 3067 532 3120; x_wconf 73' lang='lat' dir='ltr'><strong>informer.</strong></span> 
     </span>
     <span class='ocr_line' id='line_1_33' title="bbox 162 3134 881 3202; baseline -0.014 -11"><span class='ocrx_word' id='word_1_226' title='bbox 162 3154 189 3191; x_wconf 86' lang='lat' dir='ltr'><strong>m</strong></span> <span class='ocrx_word' id='word_1_227' title='bbox 205 3139 347 3189; x_wconf 77' lang='lat' dir='ltr'><strong>Praeverrtu.</strong></span> <span class='ocrx_word' id='word_1_228' title='bbox 381 3139 409 3185; x_wconf 87' lang='lat' dir='ltr'><strong>In</strong></span> <span class='ocrx_word' id='word_1_229' title='bbox 421 3151 491 3186; x_wconf 86' lang='lat' dir='ltr'><strong>some</strong></span> <span class='ocrx_word' id='word_1_230' title='bbox 502 3134 613 3188; x_wconf 83' lang='lat' dir='ltr'><strong>editions</strong></span> <span class='ocrx_word' id='word_1_231' title='bbox 629 3135 717 3202; x_wconf 65' lang='lat' dir='ltr'><strong>secere</strong></span> <span class='ocrx_word' id='word_1_232' title='bbox 724 3141 881 3197; x_wconf 71' lang='lat' dir='ltr'><strong>preventum.</strong></span> 
     </span>
     <span class='ocr_line' id='line_1_34' title="bbox 162 3200 1073 3269; baseline -0.002 -13"><span class='ocrx_word' id='word_1_233' title='bbox 162 3222 179 3256; x_wconf 86' lang='lat' dir='ltr'><strong>rr</strong></span> <span class='ocrx_word' id='word_1_234' title='bbox 196 3207 284 3267; x_wconf 69' lang='lat' dir='ltr'><strong>Aliter,</strong></span> <span class='ocrx_word' id='word_1_235' title='bbox 303 3217 382 3269; x_wconf 82' lang='lat' dir='ltr'><strong>utque.</strong></span> <span class='ocrx_word' id='word_1_236' title='bbox 417 3200 492 3252; x_wconf 78' lang='lat' dir='ltr'><strong>After</strong></span> <span class='ocrx_word' id='word_1_237' title='bbox 507 3205 588 3261; x_wconf 61' lang='lat' dir='ltr'><strong>atim</strong></span> <span class='ocrx_word' id='word_1_238' title='bbox 604 3204 668 3250; x_wconf 72' lang='lat' dir='ltr'><strong>adue</strong></span> <span class='ocrx_word' id='word_1_239' title='bbox 690 3213 767 3261; x_wconf 81' lang='lat' dir='ltr'><strong>secur,</strong></span> <span class='ocrx_word' id='word_1_240' title='bbox 785 3201 830 3250; x_wconf 75' lang='lat' dir='ltr'><strong>&amp;o</strong></span> <span class='ocrx_word' id='word_1_241' title='bbox 853 3210 927 3263; x_wconf 78' lang='lat' dir='ltr'><strong>atque</strong></span> <span class='ocrx_word' id='word_1_242' title='bbox 945 3216 977 3251; x_wconf 91' lang='lat' dir='ltr'><strong>or</strong></span> <span class='ocrx_word' id='word_1_243' title='bbox 1001 3203 1073 3254; x_wconf 79' lang='lat' dir='ltr'><strong>oris</strong></span> 
     </span>
     <span class='ocr_line' id='line_1_35' title="bbox 66 3272 444 3336; baseline -0.021 -8"><span class='ocrx_word' id='word_1_244' title='bbox 66 3325 68 3328; x_wconf 88' lang='lat'><strong>.</strong></span> <span class='ocrx_word' id='word_1_245' title='bbox 129 3272 194 3325; x_wconf 86' lang='lat' dir='ltr'><strong>used</strong></span> <span class='ocrx_word' id='word_1_246' title='bbox 207 3272 305 3323; x_wconf 77' lang='lat' dir='ltr'><strong>instead</strong></span> <span class='ocrx_word' id='word_1_247' title='bbox 314 3272 345 3322; x_wconf 83' lang='lat' dir='ltr'><strong>ol</strong></span> <span class='ocrx_word' id='word_1_248' title='bbox 360 3287 444 3336; x_wconf 79' lang='lat' dir='ltr'><strong>quum.</strong></span> 
     </span>
    </p>

    <p class='ocr_par' dir='ltr' id='par_1_8' title="bbox 131 3330 1075 3473">
     <span class='ocr_line' id='line_1_36' title="bbox 164 3330 1074 3402; baseline -0.003 -12"><span class='ocrx_word' id='word_1_249' title='bbox 164 3357 181 3390; x_wconf 94' lang='lat' dir='ltr'><strong>o</strong></span> <span class='ocrx_word' id='word_1_250' title='bbox 198 3340 285 3391; x_wconf 78' lang='lat' dir='ltr'><strong>Fuere.</strong></span> <span class='ocrx_word' id='word_1_251' title='bbox 320 3344 347 3389; x_wconf 87' lang='lat' dir='ltr'><strong>tu</strong></span> <span class='ocrx_word' id='word_1_252' title='bbox 359 3339 433 3389; x_wconf 79' lang='lat' dir='ltr'><strong>other</strong></span> <span class='ocrx_word' id='word_1_253' title='bbox 443 3337 553 3389; x_wconf 81' lang='lat' dir='ltr'><strong>editions</strong></span> <span class='ocrx_word' id='word_1_254' title='bbox 566 3334 629 3400; x_wconf 82' lang='lat' dir='ltr'><strong>snit,</strong></span> <span class='ocrx_word' id='word_1_255' title='bbox 649 3333 772 3400; x_wconf 73' lang='lat' dir='ltr'><strong>singular,</strong></span> <span class='ocrx_word' id='word_1_256' title='bbox 784 3335 867 3385; x_wconf 84' lang='lat' dir='ltr'><strong>which</strong></span> <span class='ocrx_word' id='word_1_257' title='bbox 879 3330 1012 3402; x_wconf 74' lang='lat' dir='ltr'><strong>following</strong></span> <span class='ocrx_word' id='word_1_258' title='bbox 1022 3341 1074 3387; x_wconf 76' lang='lat' dir='ltr'><strong>two</strong></span> 
     </span>
     <span class='ocr_line' id='line_1_37' title="bbox 131 3402 1075 3473; baseline -0.001 -19"><span class='ocrx_word' id='word_1_259' title='bbox 131 3420 211 3455; x_wconf 85' lang='lat' dir='ltr'><strong>mouns</strong></span> <span class='ocrx_word' id='word_1_260' title='bbox 223 3406 364 3458; x_wconf 68' lang='lat' dir='ltr'><strong>conuoeted</strong></span> <span class='ocrx_word' id='word_1_261' title='bbox 376 3407 410 3472; x_wconf 81' lang='lat' dir='ltr'><strong>by</strong></span> <span class='ocrx_word' id='word_1_262' title='bbox 432 3423 447 3457; x_wconf 87' lang='lat' dir='ltr'><strong>a</strong></span> <span class='ocrx_word' id='word_1_263' title='bbox 463 3404 618 3472; x_wconf 79' lang='lat' dir='ltr'><strong>disjunctive</strong></span> <span class='ocrx_word' id='word_1_264' title='bbox 634 3402 807 3468; x_wconf 80' lang='lat' dir='ltr'><strong>conjunctiora,</strong></span> <span class='ocrx_word' id='word_1_265' title='bbox 826 3403 934 3455; x_wconf 74' lang='lat' dir='ltr'><strong>imore</strong></span> <span class='ocrx_word' id='word_1_266' title='bbox 947 3413 1075 3473; x_wconf 79' lang='lat' dir='ltr'><strong>common.</strong></span> 
     </span>
    </p>
   </div>
   <div class='ocr_carea' id='block_1_7' title="bbox 159 3467 732 3549">
    <p class='ocr_par' dir='ltr' id='par_1_9' title="bbox 159 3467 732 3549">
     <span class='ocr_line' id='line_1_38' title="bbox 159 3467 732 3549; baseline -0.007 -24"><span class='ocrx_word' id='word_1_267' title='bbox 159 3479 182 3534; x_wconf 61' lang='grc' dir='ltr'><strong>Ω</strong></span> <span class='ocrx_word' id='word_1_268' title='bbox 202 3473 416 3549; x_wconf 67' lang='lat' dir='ltr'><strong>cirommecmre.</strong></span> <span class='ocrx_word' id='word_1_269' title='bbox 444 3467 732 3538; x_wconf 67' lang='lat' dir='ltr'><strong>Narrowlyinspecled.</strong></span> 
     </span>
    </p>
   </div>
   <div class='ocr_carea' id='block_1_8' title="bbox 0 0 1203 4009">
    <p class='ocr_par' dir='ltr' id='par_1_10' title="bbox 0 0 1203 4009">
     <span class='ocr_line' id='line_1_39' title="bbox 0 0 1203 4009; baseline 0 0"><span class='ocrx_word' id='word_1_270' title='bbox 0 0 1203 4009; x_wconf 95' lang='lat' dir='ltr'><strong> </strong></span> 
     </span>
    </p>
   </div>
  </div>
 </body>
</html>
