2392 4009
403 202 582 273 Sannusrn
605 205 625 271 J
630 225 801 274 uaurrau.
1030 213 1092 276 13?

138 374 286 441 sensium
323 375 417 443 fidem
449 380 679 446 mutavissentr
702 392 788 446 tanta
819 375 996 447 mobilitate
1017 397 1090 447 sese

144 460 304 527 Numidae
326 474 447 552 agunt.
506 466 573 530 Sed
605 466 723 533 milites
755 467 937 556 Jugurthini
959 466 1090 557 paullis-

145 549 261 632 perab
283 570 359 639 rege
382 553 556 631 sustentati,
583 567 749 641 postquam
774 554 896 641 majore
922 554 957 618 vl
975 554 1088 620 'hustet

143 652 181 696 ur
204 649 288 712 neat,
304 638 421 723 paucis
436 639 572 715 amissis,
589 640 715 729 profugi
737 638 916 705 discedunt.
1012 659 1023 672 ·

218 720 292 786 Vll.
337 723 472 790 Mantus
496 723 538 788 ad
568 724 700 791 Zamam
735 726 906 813 pervenit!
935 724 967 790 id
1000 725 1093 811 appi·

141 801 217 869 dum
241 808 273 871 iu
295 826 411 895 campo
446 812 550 889 situm,
571 813 675 898 magis
709 819 835 899 lapere,
857 829 950 899 quarn
972 825 1092 876 natura

143 893 294 990 munitum
317 910 407 977 erat;
430 895 545 962 nullius
568 895 704 964 idoneae
727 900 907 986 relegens,
933 900 1030 963 armis
1045 898 1092 963 vi·

142 985 249 1064 rrsque
279 981 474 1067 opulentum.
535 982 634 1070 Igitur
658 983 835 1064 Metellus,⁴
852 1006 911 1069 pro
948 996 1090 1070 tempure

141 1074 236 1148 atque
260 1064 331 1132 loeo
355 1072 474 1154 paratis
509 1070 616 1149 rebus,
649 1085 765 1136 cuncta
794 1072 918 1137 moenia
941 1071 1085 1136 exercitu
1130 1083 1138 1100 ¹

139 1150 347 1246 circumvenit
367 1165 383 1219 ι’
411 1155 524 1244 legatis
549 1156 695 1243 imperat,
708 1158 764 1222 ubi
789 1158 920 1244 quisque
944 1165 1090 1224 curarett

142 1235 270 1318 deinde,
292 1241 385 1327 signo
406 1243 492 1318 dato,
530 1242 668 1329 undique
704 1243 796 1309 simul
828 1243 956 1308 clamor
978 1243 1089 1329 ingens

143 1324 266 1388 oritura
290 1345 392 1415 neque
414 1350 453 1395 ea
485 1347 536 1392 res
566 1325 721 1395 Numidas
757 1342 882 1408 terret,
905 1327 1020 1394 infensi
1036 1330 1090 1392 in·

143 1410 283 1496 tentique
316 1416 385 1478 sine
416 1414 546 1482 tumultu
577 1427 704 1480 manent
720 1429 736 1478 :⁴
753 1415 905 1501 praelium
930 1414 1105 1496 incipitur.'

143 1496 291 1577 Romani,
315 1520 374 1584 pru
411 1502 545 1588 ingenio,
560 1505 704 1588 quisque,
732 1521 806 1587 pars
829 1502 949 1566 eminus
972 1499 1088 1587 glande

142 1596 196 1647 aut
220 1582 379 1668 lapidibus
404 1608 545 1677 pugnare
562 1614 572 1668 3
590 1587 662 1653 'alii
689 1585 872 1666 succedere,
902 1605 942 1650 ac
967 1605 1086 1650 murum

143 1668 237 1733 modo
252 1672 432 1752 subfodere,
449 1673 656 1739 moduscalis
682 1673 839 1760 adgredi:
862 1685 979 1769 cupere
997 1690 1089 1756 prae·

143 1754 220 1820 lium
240 1747 279 1823 in*
299 1760 444 1824 manibus
475 1762 593 1826 iacere.
657 1758 779 1823 Contra
804 1779 848 1822 ea
878 1756 1032 1843 oppidani
1054 1758 1106 1822 in

143 1862 317 1928 proxumos
337 1865 416 1912 saxa
437 1845 592 1925 volvere3
616 1843 722 1922 sudes,
746 1844 821 1930 pila,
844 1856 1007 1930 praeterea
1031 1842 1088 1929 ‘pi-

128 1950 213 1994 eem
236 1930 385 2016 sulphure
407 1944 442 1997 et
473 1930 564 1996 taeda
598 1931 729 1996 mixtam
765 1928 924 1995 tardantia
953 1931 1090 1996 mittere·

143 2016 207 2079 Sed
233 2035 291 2081 nec
312 2018 394 2096 illos,
417 2019 471 2106 qui
509 2016 619 2106 procul
649 2027 841 2095 manserant,
878 2017 971 2080 timor
993 2017 1090 2080 animi

42 2167 49 2174 ,
142 2103 220 2167 satis
247 2107 451 2170 muniveratr‘
468 2125 540 2169 nam
580 2101 748 2190 plerusque
777 2100 883 2190 jucula
914 2103 1089 2179 tormentis,

141 2201 196 2251 aut
215 2209 307 2254 manu
322 2191 438 2256 emissa
458 2191 667 2256 vulnerabant
682 2214 692 2268 ς
709 2189 839 2275 parique
856 2187 1009 2274 periculo,
1025 2186 1088 2256 sed

142 2273 225 2339 lama
243 2279 366 2360 impari,
383 2277 459 2342 boni
475 2283 574 2362 'atque
596 2275 704 2363 ignavi
716 2288 816 2339 erant.

185 2361 305 2426 LVlll.
344 2361 425 2430 Durr
454 2363 539 2447 apud
568 2361 700 2425 Zamam
723 2362 770 2427 sic
794 2372 943 2438 certatur,
969 2359 1086 2447 Jugur·

141 2444 194 2511 tlta
225 2467 266 2511 ex
294 2449 466 2533 improviso
488 2459 593 2513 castra
614 2447 748 2511 hostium
771 2467 840 2510 curn
861 2443 1088 2534 magna'manu
1153 2480 1157 2487 ·

141 2532 264 2596 invadit
278 2556 288 2612 3
304 2534 455 2609 remissis,
483 2533 589 2618 quiin
610 2531 770 2618 praesidio
792 2544 893 2610 erant,
919 2545 951 2596 et
981 2535 1087 2607 omnia
1143 2544 1145 2549 '

140 2620 390 2713 magisffluam
408 2618 562 2705 praelium
592 2618 866 2703 exspectantibus,
896 2633 1020 2705 portam
1047 2619 1087 2683 ir·

139 2706 268 2792 rumpit.
316 2708 356 2769 At
378 2705 489 2785 nostri,
520 2705 691 2792 repentino
725 2716 810 2770 metu
844 2703 993 2791 perculsi,
1023 2704 1087 2774 albi
1134 2749 1136 2753 ,

549 2800 565 2830 0

170 2929 188 2965 e
203 2915 301 2981 ΛΜ.
336 2916 365 2964 In
374 2928 445 2964 rome
456 2910 568 2964 editions
583 2928 635 2963 sese
643 2922 749 2978 gerum,
768 2910 853 2965 which
863 2911 910 2965 isa
925 2912 1004 2965 much
1015 2928 1088 2970 more

137 2996 255 3034 cammon
267 2979 343 3031 mode
351 2979 384 3031 οἵ
388 2979 545 3044 expression.

169 3047 189 3101 d
208 3049 295 3113 Opere,
307 3063 381 3111 quum
392 3058 494 3098 tratura.
529 3050 568 3112 By
580 3053 623 3096 art
633 3045 695 3096 man
708 3054 807 3097 nature.

168 3131 185 3165 e
199 3117 260 3165 ultr.
293 3117 322 3164 ln
331 3114 406 3164 otlrer
419 3112 531 3163 editions
545 3115 650 3164 evadere
662 3115 714 3175 aut,
726 3116 770 3164 alil
780 3113 918 3176 recredere,
928 3114 975 3163 &a

169 3181 186 3230 f
196 3184 291 3242 Pioenr,
310 3180 357 3230 dre.
405 3182 434 3230 In
457 3194 528 3229 some
545 3180 656 3230 editions
676 3179 728 3232 this
749 3186 868 3231 sentence
889 3182 910 3229 is
927 3178 989 3229 read
1005 3179 1084 3240 thusg

136 3251 214 3304 σαῖσι,
224 3251 279 3312 pila
286 3256 406 3312 preterea
413 3250 470 3312 pire
480 3256 506 3295 er
517 3248 631 3312 rarlplrure
643 3249 728 3297 tedam
747 3250 841 3297 mirram
854 3248 968 3296 ardentia
979 3250 1083 3300 mittere.

44 3319 47 3325 '
169 3329 190 3380 ς
204 3316 334 3365 ardenna.
368 3316 393 3362 le
402 3321 451 3377 put
461 3311 488 3362 in
499 3314 544 3362 the
555 3319 646 3363 neuter
656 3312 762 3379 gender,
782 3327 810 3363 as
822 3312 948 3386 referring
962 3313 991 3364 td
1002 3315 1083 3380 ruder,

125 3384 322 3452 flerplrem,
342 3377 430 3447 things
439 3378 549 3431 without
557 3379 611 3512 lillp.
1021 3374 1047 3404 ¹‘
