2392 4009
115 183 178 254 tit
388 178 565 244 Suususrn
589 174 785 247 Juamrao.

212 297 227 332 p
291 301 301 310 .

112 351 317 443 properantia
338 367 400 418 tam
415 351 519 417 tacite
543 365 674 418 tractum
699 349 814 416 bellum
830 346 972 413 secordia
989 367 1063 415 mae

112 444 172 530 gis.
189 463 282 528 quam
303 440 387 512 dolo,
410 438 588 503 crederent.
644 436 708 502 Sed
732 455 908 523 postquam,
930 435 1063 522 dilapso

112 541 267 611 tempore,
282 528 480 590 comitiorum
495 525 564 588 dies
587 526 792 600 adventabat,
808 524 951 598 Albinus,
973 525 1060 590 Aulo

112 616 208 681 fratre
222 616 251 677 in
268 614 379 676 castris
392 634 449 694 pro
463 629 609 691 praretore
621 610 742 682 reticio.
758 612 891 675 Romam
902 610 1059 676 decessit.

174 698 343 764 XXXVll.
391 698 440 763 Ea
473 715 659 783 tempestate
689 696 811 761 Rornae
847 696 1063 762 seditionibus

113 787 291 852 tribuniciis
314 788 466 850 atrociter
487 785 668 869 respublica
684 784 874 868 agitabatur.
929 783 967 848 P.
993 784 1060 850 Lu·

113 874 212 938 collus
235 887 267 937 et
290 871 330 936 L.
369 872 500 947 Annius,
533 871 647 935 tribuni
687 869 804 953 plebis,
836 871 1061 937 resistentibus

112 958 256 1045 collegis,
288 958 472 1023 continuare
502 959 717 1042 magistratum
737 957 947 1022 nitebantur:
973 980 1061 1043 quae

112 1044 270 1109 dissensio
286 1044 380 1107 totius
395 1046 470 1107 anni
492 1045 619 1107 comitia
644 1042 850 1126 impediebat.
896 1042 944 1106 Ea
969 1066 1060 1108 mora

114 1127 146 1196 in
183 1152 272 1216 spem
305 1128 460 1194 adductus
493 1129 602 1204 Aulus,
628 1151 721 1215 quem
749 1143 822 1213 *pro
856 1148 1001 1214 praetore
1025 1134 1060 1196 in

113 1223 225 1282 castris
242 1216 383 1282 relictum
406 1215 665 1301 supradiximus,
686 1232 737 1279 aut
754 1215 945 1282 conficiundi
970 1216 1060 1292 belli,

114 1317 167 1368 aut
193 1319 312 1369 terrore
336 1304 495 1367 exercitus
524 1303 567 1366 ab
589 1324 665 1390 rege
690 1305 845 1388 pecuniae
867 1303 1062 1388 capiundae,

114 1389 229 1455 milites
256 1411 363 1454 mense
376 1388 533 1454 Januario
548 1410 588 1453 ex
606 1390 746 1454 hibernis
770 1390 800 1453 in
821 1391 1060 1476 expeditionem

114 1491 254 1553 evocet3
287 1478 409 1560 magnis
432 1475 606 1539 itineribus.
632 1476 732 1538 bieme
756 1496 883 1559 aspera,
912 1481 1060 1562 pervenit

114 1560 155 1626 ad
167 1560 318 1646 oppidum
341 1559 461 1636 Suthul,
484 1561 539 1623 ubi
555 1562 640 1647 regis
655 1562 791 1624 thesauri
814 1579 915 1627 erant.
961 1564 1060 1645 Quod

114 1670 301 1736 quamquam
316 1646 490 1712 etsaevitia
508 1646 669 1729 temporis,
684 1661 716 1709 et
730 1663 964 1731 opportunitate
982 1653 1061 1728 loci,

114 1758 217 1821 neque
239 1736 324 1820 capi,
348 1754 449 1820 neque
471 1731 618 1837 obsideri
635 1745 759 1818 poterat
781 1755 790 1796 t
886 1758 915 1801 m
937 1735 1003 1799 circ
1028 1758 1061 1802 m

114 1842 244 1896 murum,
267 1823 360 1884 situm
390 1822 420 1884 in
453 1820 614 1903 praerupti
639 1821 795 1885 montiae
863 1821 931 1899 uo,
956 1758 1057 1906 pullu-

114 1910 181 1971 cies
198 1905 306 1969 lirdnsa
320 1904 507 1968 hiemalibus
522 1907 612 1987 aquis
628 1904 774 1985 paludem
792 1908 926 1992 fecerat)
942 1923 1058 1989 tamen,

114 2006 168 2058 aut
193 1988 359 2076 simulandi
382 1989 494 2075 gratia,
515 2009 579 2074 quo
605 1988 673 2076 regi
696 1990 891 2057 formidinem
915 1994 1059 2075 adderet,

114 2094 167 2144 aut
181 2077 329 2162 cupidine
341 2096 467 2149 caecus,
486 2055 611 2140 ’vinela
634 2097 741 2161 agere,
760 2077 923 2164 'oggerius
933 2083 1059 2169 jacere,

114 2166 188 2239 alia,
204 2185 284 2249 quae
300 2166 429 2247 incepto
443 2162 511 2224 usui
528 2162 640 2239 forent,
657 2183 843 2247 properare.

158 2248 341 2326 xxxviii.
388 2251 436 2312 Ar
459 2246 500 2311 Ju
525 2248 626 2323 artha,
648 2251 773 2336 cognita
801 2254 940 2317 vanitate
962 2266 1059 2340 atque

114 2325 271 2422 implritia
295 2334 402 2422 legati.
435 2270 586 2398 subdolus
617 2355 734 2422 augere
765 2319 961 2403 eminatam:
1002 2323 1060 2405 ils·

117 2428 214 2489 sitare
236 2422 445 2510 supplicantis
469 2419 615 2508 legatos:
650 2424 730 2507 ipse,
754 2424 843 2508 quasi
858 2426 967 2490 vitabo
989 2425 1059 2506 dus,

139 2533 175 2574 er
205 2509 345 2574 saltuosa
369 2507 439 2571 loca
476 2523 508 2571 et
542 2510 681 2574 tramites
714 2512 889 2575 esecilum
914 2511 1056 2576 ductare.

115 2532 263 2681 luantque
286 2594 398 2656 Aulum
431 2613 489 2675 spe
511 2595 669 2676 pectionis
691 2614 751 2677 per
774 2594 840 2672 ulit,
861 2597 915 2675 uti,
946 2599 1061 2662 relicto

147 2868 167 2904 x
183 2853 237 2901 Pro
244 2858 358 2915 pretore.
390 2849 420 2897 ln
436 2862 507 2899 some
528 2846 639 2899 editions
655 2855 832 2915 muctarem,
846 2848 892 2901 the
912 2856 1061 2918 compound

115 2918 186 2971 word
196 2918 273 2981 being
281 2914 410 2966 decliued.

147 3004 165 3053 y
184 2987 276 3038 Vineae.
308 2985 337 3032 ln
348 2998 420 3033 some
430 2980 541 3038 editions
553 3000 637 3044 σοαπ,
649 2986 677 3034 od
694 2986 827 3046 thmueos,
845 2990 926 3052 oppidi
940 2985 1063 3054 patiendi,

115 3060 202 3108 &necue
219 3053 267 3101 uc.
627 3053 629 3058 ’

152 3140 167 3173 2
184 3089 317 3185 ,aggerem
350 3117 464 3180 Aggere·
476 3129 543 3168 were
562 3124 665 3167 mount·
675 3131 705 3166 or
715 3116 797 3168 benks
808 3116 841 3168 os
850 3118 933 3182 earth,
950 3121 1061 3173 secured
1079 3123 1084 3130 '

117 3190 153 3256 by
162 3187 277 3246 timbers,
296 3184 346 3235 and
359 3182 442 3231 raised
454 3191 482 3230 to
493 3184 538 3233 the
547 3182 677 3245 heigbtof
693 3183 738 3233 the
754 3185 874 3246 walls,or
887 3196 914 3233 tn
925 3203 942 3237 a
957 3198 1063 3254 greater·

117 3255 218 3322 height.
252 3254 326 3318 They
337 3265 404 3300 were
421 3249 568 3300 sometimes
585 3249 665 3310 fixed,
675 3250 823 3304 sometimes
840 3253 992 3313 moveableg
1008 3255 1060 3305 and

119 3338 186 3371 were
201 3319 325 3386 designed
337 3334 365 3368 us
376 3317 484 3366 statione
495 3314 535 3366 lor
557 3317 666 3367 soldiere
680 3324 708 3366 to
720 3332 801 3384 ennoy
821 3319 865 3369 the
876 3319 1005 3387 besieged,
1018 3320 1062 3370 till

119 3388 165 3463 aue
177 3401 248 3453 army
259 3385 354 3440 should
369 3383 518 3438 undermine
538 3383 584 3439 the
600 3382 671 3446 well,
689 3398 719 3437 or
730 3383 790 3460 best
804 3385 828 3440 it
849 3385 927 3440 down
945 3388 1008 3442 with
1018 3387 1064 3442 eu·¹

119 3466 204 3521 ‘ms
