2392 4009
127 137 188 196 lto
395 132 572 197 Stsscsrtt
595 131 617 197 J
622 151 793 196 ocurras.

123 321 216 385 quam
237 302 369 390 quisque
389 315 552 391 ·pessume
575 305 660 383 iecit,
695 318 773 367 ·tsm
811 322 956 370 maxume
982 312 1068 366 tutus
1112 309 1123 362 .’

124 401 198 451 est:
235 401 351 454 metum
373 410 393 453 a
415 391 537 457 scelere
566 412 625 454 suo
653 389 695 453 ad
733 392 893 476 ignaviam
930 402 1070 453 vestram

125 473 311 539 transtulere
328 501 337 553 3
359 496 437 562 quos
453 478 555 541 omnis
577 476 689 541 eadem
709 498 840 558 cupere,
855 473 966 540 eadem
981 474 1071 537 odis·

125 578 172 636 se,
188 557 299 624 eadem
329 576 469 628 metuere
493 565 524 627 in
549 584 642 627 unum
663 566 794 649 coegitt
818 560 876 628 sed
891 564 970 625 haee
988 565 1072 623 inter

125 643 228 711 bonos
250 646 388 712 amicitia
421 663 481 726 est,
519 652 600 713 inter
623 648 722 712 malos
756 649 864 716 tactio.
924 645 1019 728 Quod
1042 644 1073 709 si

124 745 200 797 ⁰tam
217 730 374 798 libertatis
402 756 509 800 curam
541 735 714 810 haberetis,
728 755 822 819 quatu
849 733 894 798 illi
910 733 951 796 ad
970 733 1072 794 dorni·

127 819 286 882 nationem
302 823 431 885 accensi
453 835 550 900 sunt3
573 822 717 907 proiecto
740 843 840 905 neque
856 841 907 883 res
931 820 1075 903 publica,

128 906 220 968 sicuti
244 925 337 981 nunc,
369 921 556 982 vastaretur,
579 922 612 971 et
647 907 801 973 beneficia
831 921 936 969 vestra
972 924 1073 989 penes

127 1002 284 1073 optumos,
311 1014 373 1055 non
403 992 653 1067 audacissumos,
676 994 789 1056 forent.
835 992 976 1078 Majores
1000 1010 1073 1052 ves·

127 1076 177 1151 tri,
191 1076 323 1160 parandi
341 1080 422 1163 juris
445 1093 477 1142 et
499 1079 673 1165 majestatis
695 1080 934 1143 constituendae
957 1078 1073 1162 gratia,

127 1161 189 1239 bis,
212 1182 270 1245 per
306 1167 531 1241 secessionem,
568 1163 906 1244 armali·rAventinum
932 1182 1072 1245 occupa·

128 1268 203 1311 vere
221 1270 229 1310 ι
246 1270 303 1313 ros
320 1270 378 1334 pro
394 1250 551 1328 libertate,
566 1273 660 1337 quam
675 1251 719 1316 ab
735 1250 797 1315 illis
811 1249 994 1334 accepistis,
1007 1269 1073 1312 uon

127 1354 246 1397 summa
263 1356 326 1420 ope
348 1338 514 1401 nitemini?
540 1355 635 1423 atque
657 1360 697 1402 eo
719 1336 947 1412 uehementius,
971 1332 1074 1432 mund
1173 1373 1183 1382 ·

127 1421 228 1504 majus
253 1419 393 1485 dedecus
417 1437 475 1496 est,
500 1439 589 1507 parta
628 1427 783 1501 amittere,
820 1445 913 1509 quam
943 1441 1074 1483 omnino

128 1525 190 1569 non
204 1508 394 1589 paravisse?
438 1509 536 1574 Dicet
558 1508 683 1595 aliquis,
717 1508 802 1589 Quid
827 1511 922 1595 igitur
935 1507 1075 1569 censes?

129 1590 352 1657 vindicandum
377 1595 491 1670 ineos,
514 1598 567 1679 qui
592 1597 674 1658 hosti
708 1596 878 1680 prodidere
902 1591 1075 1677 nmpubtt·

130 1698 226 1741 camt
250 1702 311 1743 non
348 1701 453 1756 manu,
492 1703 594 1764 neque
618 1682 661 1758 tri,
683 1680 767 1767 qued
806 1681 908 1764 magis
935 1681 1074 1756 decisse,

129 1784 221 1849 quam
239 1765 301 1829 illis
316 1766 472 1830 accidisse
488 1767 649 1854 indignum
665 1793 675 1847 3
698 1789 805 1832 verum
834 1766 1075 1853 quaestionibus

127 1862 161 1911 et
192 1848 309 1914 indicio
332 1852 431 1933 ipsius
460 1852 664 1938 Jugurtltaer
686 1859 739 1938 qui
762 1857 789 1916 si
812 1852 981 1915 dtdtticius
1015 1863 1076 1929 est,

130 1935 275 2019 profecto
291 1937 390 2022 jussis
406 1939 519 2000 uestris
535 1938 690 2000 obediens
705 1939 765 2000 erit
781 1960 791 1999 ε
813 1941 862 1999 sin
877 1958 916 1999 ea
933 1950 1076 2000 contem·

131 2022 187 2098 nit,
210 2021 333 2086 scilicet
355 2022 600 2171 *stumsbitis
621 2023 724 2108 qualis
750 2021 803 2086 illa
821 2042 897 2106 prat,
913 2038 966 2083 aut
982 2022 1075 2084 dedi·

364 2129 382 2170 a

131 2109 187 2181 tio,
209 2128 251 2169 ex
281 2128 342 2191 qua
434 2107 622 2193 iugurtham
645 2108 801 2174 scelerum
825 2112 1004 2193 impunitas,
1032 2108 1076 2173 ad

130 2211 250 2278 paucos
268 2197 404 2277 potentis
419 2215 585 2258 maxumae
611 2193 754 2267 divitiae,
785 2198 816 2257 in
843 2194 1075 2281 rempublicam

130 2277 257 2356 damna,
280 2278 439 2343 dedecora
471 2284 685 2366 pervenerint.
730 2280 802 2348 Nisi
833 2281 913 2343 sorte
936 2280 1075 2345 nondum

130 2365 226 2429 etiam
241 2387 299 2428 vos
313 2364 537 2431 dominationis
560 2390 669 2432 eorum
694 2372 825 2430 satietas
848 2381 944 2444 tenet,
960 2381 991 2429 et
1007 2366 1074 2446 illa,

131 2471 224 2537 quam
247 2452 327 2515 haec
361 2466 516 2538 tempora,
550 2455 650 2542 magis
688 2453 827 2538 placent,
856 2475 926 2517 cum
963 2472 1076 2538 regna,

131 2539 330 2622 provinciae,
366 2539 466 2626 leges,
484 2542 569 2627 jura,
587 2541 722 2626 judicia,
747 2540 842 2616 bella,
865 2561 975 2624 paces,
1001 2559 1076 2624 pos·

160 2745 178 2780 tt
194 2732 320 2791 Pessum,
331 2729 377 2780 &c
410 2729 613 2780 t‘nemdrerbs
625 2744 669 2780 are
691 2729 879 2794 strperlatires;
896 2730 945 2779 but
966 2679 1075 2781 accord·

129 2796 213 2873 irtgto
222 2798 265 2846 tlte
279 2796 357 2846 idiom
369 2795 587 2864 olourlanguage
599 2805 673 2846 must
688 2796 721 2848 be
732 2796 875 2850 translated
892 2814 920 2848 ss
938 2812 1075 2863 eompara-

128 2873 268 2980 ttt‘gsffi.
302 2929 533 2981 [notbereditions
545 2949 589 2981 tm
612 2942 662 2982 tan
673 2954 685 2989 ς
700 2930 795 2990 nutet,
807 2931 833 2979 in
852 2930 930 2981 order
949 2911 1076 2997 enphitt.

129 2997 197 3061 cally
206 3006 234 3046 to
243 2997 316 3045 mark
330 2999 373 3047 the
385 2998 540 3062 oppositum
551 3002 564 3050 t
574 2998 670 3048 should
678 3002 705 3048 ‘tn
712 2999 766 3047 titis
774 3013 834 3047 case
845 2998 941 3061 preter.

162 3078 181 3127 p
196 3066 351 3115 Aventina
384 3064 496 3115 Mentem
507 3065 675 3115 understood.
710 3067 806 3114 trum
816 3064 943 3116 Arsame
959 3079 1012 3115 was

128 3128 213 3180 strue
221 3146 297 3180 seven
310 3130 370 3179 ltills
386 3146 419 3178 on
430 3130 512 3179 which
522 3134 603 3180 Rome
614 3145 667 3181 was
678 3131 756 3180 built.
976 3145 983 3160 t

162 3213 182 3262 q
203 3199 279 3257 Quart
314 3195 547 3246 lnotbereditioas
569 3197 732 3260 mesisti,
748 3154 1024 3249 uesntmuflrttt
1036 3216 1074 3261 eo,

128 3263 360 3383 hl‘llllmldfs‘il
373 3328 566 3380 mnsam
580 3348 625 3380 w
641 3331 849 3396 stemnius,
871 3301 1076 3385 ssu‘vtttts

130 3392 193 3463 theu
205 3397 355 3448 conuasted
366 3397 430 3447 trith
440 3400 497 3459 ilde,
508 3412 615 3464 appears
622 3397 775 3464 preferable.
