2392 4009
116 117 156 180 l0
194 110 205 124 '
354 167 360 178 .
392 113 571 180 Sestosrn
594 109 776 177 Certutss·

136 285 207 362 ulsi,
229 284 302 351 loce
331 283 445 350 cedere
472 287 540 349 ensi
567 298 679 364 erent;
713 285 743 347 in
766 293 949 368 pecerero,
972 278 1061 368 quod

111 305 288 449 beneficti«,
322 377 431 458 ltquam
465 385 560 449 metu,
594 372 759 454 imperium
788 367 976 455 ‘agitabant
1013 379 1060 446 et,

110 473 246 543 accepts
263 460 385 544 injuria,
411 460 586 542 ignoscere,
602 478 694 542 quarn
712 456 868 542 persequi,
884 454 1061 519 metebant.

155 543 197 609 Χ.
223 545 301 621 Seu,
325 544 377 608 ubi
395 542 503 607 labore
515 558 608 629 etque
616 543 737 629 justitia
753 541 934 625 respublica
947 541 1062 614 crevit,

110 647 204 716 reges
220 631 325 718 magni
342 628 427 693 bello
453 628 573 705 domiti,
598 631 742 692 nationes
761 627 857 704 ferae,
880 641 912 691 et
931 625 1062 710 “populi

111 717 256 803 ingentes
278 717 309 780 vi
336 716 471 792 subscti,
492 713 681 802 ‘Carthago
704 714 826 778 aemula
844 716 967 798 imperii
991 713 1061 776 Ro·

109 805 206 886 mani,
241 801 283 866 ab
320 804 418 887 stirpe
457 804 586 880 interiit,
616 815 728 864 cuncte
755 802 853 864 maria
892 814 1063 886 terraeque

111 889 284 973 patebant,
306 893 430 953 saevire
458 888 607 963 Fortuna,
630 908 669 952 ac
692 888 825 951 miscere
854 887 970 963 omnia,
985 905 1063 948 coe·

108 975 168 1058 pit.
215 974 279 1056 Qui
309 973 447 1052 labores,
483 973 636 1059 pericula,
669 973 783 1038 dubias
811 988 1062 1058 etqueasneres

109 1079 162 1124 res
189 1060 283 1123 sscile
313 1059 537 1137 toleraverant,
570 1061 609 1124 iis
640 1061 747 1138 otium,
773 1058 904 1123 divitiae
936 1059 1062 1142 ‘optan-

109 1141 171 1208 dae
188 1145 271 1223 aliis,
294 1146 383 1209 oneri
399 1147 606 1233 miseriaeque
623 1146 721 1212 luere.
769 1145 865 1232 lgttur
881 1146 981 1229 primo
1002 1164 1061 1228 pe⁴

108 1232 234 1310 cuniae,
257 1229 373 1294 deinde
390 1225 514 1315 imperii
530 1229 648 1316 cupido
663 1233 785 1295 crevit:
809 1252 846 1295 ea
863 1232 953 1317 qussi
976 1245 1061 1293 ture·

109 1318 205 1381 teries
231 1319 370 1381 omnium
391 1317 544 1382 malorum
578 1318 677 1380 suere.
738 1316 883 1402 Namque
923 1315 1060 1381 avaritia

109 1400 215 1480 iidem,
239 1405 440 1489 probitatem,
463 1417 649 1489 ceterosque
662 1404 754 1467 lartis
772 1403 871 1466 bonas
882 1402 1035 1466 subvertit
1050 1427 1061 1478 ς

108 1505 169 1573 pro
195 1488 255 1570 his,
288 1489 481 1575 superbiam,
518 1487 747 1566 crudelitatem,
770 1488 848 1553 deos
868 1488 1060 1577 lneglegere,

109 1576 216 1640 emnia
253 1573 379 1640 venalia
417 1574 548 1654 bebere,
594 1574 744 1639 edocuit:
778 1575 911 1639 ambitio
944 1573 1060 1638 multoe

107 1660 252 1726 mortalis
273 1661 371 1726 falsos
397 1660 465 1726 fieri
489 1661 640 1749 subegit3
672 1660 758 1725 aliud
780 1660 920 1726 clausurn
936 1663 966 1725 in
984 1680 1060 1746 pec·

107 1759 187 1822 tore,
211 1746 297 1811 eliud
324 1750 356 1812 in
379 1747 486 1835 lingue
516 1762 697 1835 promptum
723 1748 868 1828 bebere,
900 1748 1061 1813 amicitias

107 1833 361 1918 inimicitiasque,
385 1853 448 1898 non
474 1847 515 1897 ex
539 1846 600 1911 tre,
623 1836 681 1897 sed
696 1856 737 1897 ex
753 1834 929 1912 commodo,
953 1846 1059 1898 sestu-

107 1933 216 1998 merc3
252 1919 416 2003 magisque
445 1918 574 1994 vultum,
614 1939 708 2004 quam
738 1919 897 2005 ingenium
940 1917 1062 1984 bonum

107 2002 240 2069 bebere.
285 2003 379 2068 Haec
404 2005 507 2091 primu
531 2001 695 2088 paullatim
721 2021 879 2081 crescere,
902 2001 1061 2068 interdum

108 2088 286 2154 vindicari:
308 2099 402 2175 'post
425 2090 490 2168 ubi,
513 2091 664 2176 contagio
687 2092 788 2176 qussi,
812 2089 993 2179 pestilentie
1012 2090 1060 2153 in·

108 2175 202 2253 rasit,
239 2175 353 2240 oivitas
385 2177 556 2254 immutata,
594 2178 770 2261 imperium,
808 2197 849 2241 ex
872 2176 1063 2263 justissuteo

108 2272 203 2348 etque
218 2269 359 2347 optumo,
379 2261 510 2327 crudele
526 2261 818 2350 intolerandumque
833 2263 962 2327 facturn.

141 2412 161 2464 s
181 2416 267 2476 oum
300 2415 394 2482 Mage
411 2414 491 2484 serug
506 2415 682 2469 mestrem:
707 2399 1060 2472 insomeeotttons'ittsex-

108 2481 322 2624 greca-qaam
356 2552 409 2598 Por
427 2551 558 2614 ogebcnrs
583 2550 630 2600 the
648 2548 837 2630 frequentative
854 2552 895 2600 for
911 2550 957 2600 the
973 2548 1060 2614 primi·

108 2620 163 2730 mil
174 2613 280 2743 illim&
314 2631 380 2731 Tliis
392 2680 465 2730 esoni
477 2681 501 2731 in
514 2680 560 2732 tlte
569 2681 656 2747 plural
665 2680 779 2748 siguifies
789 2659 881 2744 iubes,
897 2683 942 2733 &c

140 2761 157 2796 e
176 2731 312 2811 Gortbbgo.
347 2749 417 2798 Once
429 2763 444 2797 a
461 2746 560 2797 fumeus
570 2748 621 2798 eud
632 2747 786 2816 flourisbing
797 2749 850 2816 city
862 2751 888 2802 in
899 2748 998 2811 Africa,
1014 2757 1061 2801 not

107 2812 148 2864 l'er
158 2812 226 2862 from
235 2812 280 2863 tlte
292 2822 397 2879 present
408 2815 462 2880 city
471 2815 502 2864 of
513 2815 607 2866 Tunis.

141 2878 157 2930 l'
169 2880 300 2945 (iprensis.
423 2898 435 2930 s
449 2882 511 2931 with
523 2884 625 2942 meree,
640 2882 685 2936 the
697 2898 765 2935 notin
774 2891 876 2935 nearest
884 2890 913 2934 to
925 2885 953 2935 ie

109 2948 306 3065 fflfffiffssm'
375 2949 389 2998 f
401 2948 446 3001 the
462 2947 523 2999 fifth
546 2949 714 3010 dcclension;
738 2952 887 3004 sometimes
904 2956 1016 3015 rnorerr'o,
1032 2953 1062 3003 of

140 3081 254 3132 heran
286 3084 339 3133 For
350 3089 426 3134 artes.
767 3090 770 3097 '

139 3148 314 3214 iNeglegere.
347 3152 389 3218 An
405 3149 533 3202 erobeisrn
544 3149 585 3202 for
604 3156 739 3219 negligere.
774 3154 842 3203 Deos
861 3158 996 3220 negligere,
1018 3154 1058 3210 for

107 3218 283 3279 negligentiam
295 3220 401 3268 deorum.

140 3282 160 3334 k
176 3284 223 3331 Ex
233 3299 269 3335 re.
305 3282 456 3349 According
466 3290 494 3332 to
506 3281 574 3335 their
582 3286 637 3335 real
645 3287 729 3336 velue.

140 3347 240 3399 lPorr.
275 3354 315 3415 By
334 3350 452 3416 enallage
469 3351 510 3400 for
525 3360 621 3416 posteo.
660 3357 872 3428 conragbqoast,
888 3356 923 3424 by
939 3355 1062 3418 ssortul
1172 3367 1173 3388 ³

106 3414 255 3482 contagion,
271 3421 386 3483 contegis
399 3417 476 3486 being
488 3417 533 3469 the
545 3417 666 3471 sblstire.
