2392 4009
395 149 574 228 dertusen
597 156 791 273 Jueupres·
1000 159 1057 244 tus!

278 243 313 278 '¹3

117 335 307 419 imperatore
337 327 428 398 iabus
442 329 641 406 '‘volentihus
670 343 766 402 asset.
810 328 854 395 Et
882 348 960 394 sane
992 325 1061 394 Ma·

113 422 192 499 rius,
219 418 273 483 iilo
306 432 338 482 et
364 418 435 482 aliis
466 418 660 503 temporibus
685 415 773 494 beili,
802 414 921 506 pudore
951 414 1062 500 brugis,

48 544 57 560 ·
116 526 209 592 quam
233 503 342 583 umato,
367 506 538 569 exereitum
567 503 764 581 coercebat,
794 501 876 588 quud
894 499 980 565 multi
1007 520 1063 584 per

114 592 322 656 ambitionem
346 590 414 655 fieri
430 592 559 655 aiebant
575 615 584 668 3
609 610 682 673 pars
704 586 787 673 quod
803 610 821 651 a
839 588 971 673 pueritia
988 607 1063 648 cun·

115 690 237 739 suetam
254 675 410 756 duritiam,
426 676 547 750 stalis,
568 696 650 760 quae
665 676 763 739 ceteri
779 674 922 738 miserias
937 681 1064 749 uocant,

114 760 285 845 voluptati,
300 757 476 823 habuisset.
518 759 601 839 uttst
624 774 728 826 tamen
754 758 955 845 respublica
982 756 1064 842 pari·

116 858 176 922 ter,
192 868 230 909 ac
246 846 443 910 saevissumo
458 846 603 930 imperio,
619 845 701 912 bene
716 858 809 931 atque
828 846 944 922 decore
960 857 1063 931 gesta.

160 932 219 995 Ci.
265 931 395 1005 terrun,
441 946 531 994 nerto
556 929 693 1017 denique
718 930 783 1008 die,
810 924 893 998 haud
913 930 1006 1017 longe
1021 928 1065 993 ab

116 1016 240 1101 oppido
265 1015 356 1082 Cirta
380 954 516 1104 uniiique
542 1014 634 1086 siumi
657 1015 873 1103 speculatores
895 1019 965 1081 tciti
992 1034 1064 1080 sese

117 1101 317 1167 ostendunt:
341 1124 401 1189 qua
427 1124 462 1167 re
488 1102 591 1166 bustis
612 1099 725 1167 adesse
742 1102 943 1190 intellegitur.
989 1099 1064 1178 Sed,

117 1189 193 1275 quia
226 1188 346 1253 divorsi
369 1187 547 1265 redeuntes,
578 1187 660 1253 alius
683 1188 727 1252 ab
753 1188 816 1252 alia
841 1203 940 1273 parte,
970 1201 1065 1273 atque

112 1294 229 1338 omnes
252 1273 335 1338 idem
362 1273 609 1360 significabant3
632 1273 742 1338 consui
759 1276 907 1352 insertus,
930 1293 1066 1360 quonam

117 1358 219 1425 modo
251 1359 354 1424 aciem
386 1362 562 1436 instrueret,
605 1360 690 1425 nullu
723 1358 833 1425 ordine
866 1361 1067 1436 commutato,

116 1444 288 1510 advorsum
319 1447 602 1531 omnisparatus,
640 1444 757 1510 ibidem
787 1448 963 1532 opperitur.
1019 1445 1068 1509 ita

117 1530 306 1618 Jugurtham
331 1554 406 1617 spes
421 1531 579 1610 frustrata,
595 1532 649 1618 qui
671 1532 782 1617 copias
798 1534 828 1596 in
845 1547 979 1619 quatuor
997 1546 1081 1615 par-¹

120 1621 161 1684 us
177 1617 391 1697 distribuerat,
407 1633 493 1682 ratus
513 1638 555 1681 ex
577 1615 723 1683 omnibus
745 1626 855 1702 ¹aeque
876 1617 1001 1702 sliquos
1026 1613 1071 1679 ab

121 1714 212 1788 tergo
234 1704 378 1768 hostibus
405 1718 566 1768 venturos.
613 1703 739 1767 interim
766 1703 865 1780 Sulis,
888 1725 979 1789 quem
1005 1704 1070 1787 pri·

118 1808 204 1853 mum
227 1787 417 1875 adtigeram,
440 1789 623 1856 cohortatus
639 1810 724 1865 suos,
749 1789 904 1856 turmatim
920 1804 952 1852 et
977 1806 1072 1875 quam

119 1894 267 1939 maxume
293 1876 443 1940 consertis
468 1876 570 1961 equis,
597 1875 667 1959 ipse
685 1874 806 1959 ,aliique
829 1874 958 1948 Mauros
981 1878 1070 1939 inva-

120 1959 230 2024 duntt
261 1963 360 2038 ceteri
389 1962 421 2026 in
444 1959 516 2028 loco
544 1959 709 2025 manentes
735 1963 778 2022 ab
801 1960 918 2047 jaculis
948 1963 1070 2026 eminus

120 2048 245 2112 emissis
260 2068 395 2134 corpora
413 2061 532 2134 tegere,
547 2062 589 2128 et,
606 2047 633 2112 si
650 2045 702 2131 qui
719 2045 750 2112 in
772 2066 883 2112 manus
907 2058 1070 2124 venerant,

120 2132 323 2198 obtruncare.
383 2132 469 2197 Dum
508 2154 547 2198 eu
584 2131 679 2197 modu
713 2134 834 2218 equites
866 2130 1074 2218 praeliantur,

121 2216 269 2282 Bocchus
295 2240 365 2282 cunr
381 2217 552 2304 peditibus,
575 2239 654 2304 quus
669 2216 789 2294 Volux,
804 2217 886 2282 filius
912 2221 991 2304 ejus,
1014 2216 1070 2282 ath

119 2302 269 2379 duxerat,
295 2325 396 2389 neque
427 2306 459 2368 in
484 2304 589 2388 priore
607 2324 731 2390 pugna,
755 2306 787 2368 in
815 2304 925 2368 itinere
945 2305 1071 2383 morati,

122 2388 302 2468 adsuerant,
328 2404 518 2474 postremam
544 2388 759 2476 Romanorum
774 2390 877 2455 aciem
907 2388 1071 2456 invadunt.

122 2474 208 2542 Tum
232 2474 352 2539 Marius
378 2473 463 2559 apud
491 2476 609 2559 primos
633 2475 760 2561 agebat,
784 2475 929 2561 quodibi
955 2474 1070 2562 Jugur·

122 2559 177 2624 tha
203 2580 273 2624 cum
301 2561 453 2642 piurimis.
499 2559 584 2625 Dein
612 2557 760 2640 Numida,
793 2562 922 2646 cognito
952 2560 1070 2625 Bocchi

122 2644 273 2726 adventu,
298 2644 380 2711 clam
405 2668 475 2712 cum
500 2646 613 2734 paucis
639 2645 703 2711 mad
731 2645 857 2736 pedites
886 2647 1068 2714 convortits

155 2858 274 2910 tuoto,
307 2862 348 2925 By
363 2859 537 2925 punishment,

156 2925 254 2977 inse.
289 2923 653 2991 lahereusedforreffltttt
669 2920 792 2980 niteret.
841 2959 845 2969 ι

131 2997 134 3004 ’
155 2990 176 3041 k
196 2994 254 3041 (liei.
290 2993 413 3059 Mesniug
423 2998 496 3044 citato
508 3011 590 3057 cursu,
600 3004 626 3045 at
638 2992 689 3046 suu
703 2994 792 3061 speed,
876 3054 878 3058 ¹

154 3057 380 3122 laquearque,
401 3061 447 3109 &e
481 3064 509 3111 ln
522 3076 592 3114 some
612 3062 723 3112 editions
744 3066 812 3112 alise.
844 3052 930 3126 AEque
952 3067 1022 3113 must
1037 3060 1071 3113 be

122 3125 266 3176 mnnected
278 3126 340 3174 with
361 3128 392 3176 ab
414 3137 492 3194 tergo.
526 3128 597 3178 Thst
608 3143 679 3179 some
702 3130 792 3180 oneut'
804 3128 848 3179 the
871 3128 967 3192 parties
982 3127 1071 3179 would

123 3203 198 3240 conte
207 3191 232 3240 in
245 3191 289 3241 the
305 3205 370 3253 rear,
387 3209 417 3242 or
427 3209 459 3244 on
472 3196 517 3244 the
529 3195 595 3245 back
606 3193 638 3243 of
652 3197 698 3245 the
720 3209 818 3259 enemy,
836 3193 886 3245 and
900 3195 956 3244 that
969 3194 1008 3246 for
1018 3195 1071 3246 tbit

122 3256 187 3305 esch
194 3263 270 3323 party
280 3255 332 3307 had
352 3276 384 3309 sn
395 3261 472 3325 equal
488 3262 595 3313 chance.
631 3263 667 3311 Or
686 3278 752 3323 eque
770 3275 828 3325 may
844 3260 939 3329 signify
950 3252 1071 3327 directiy,

123 3320 175 3371 end
187 3323 247 3374 theu
272 3325 380 3387 aequeub
400 3337 468 3392 tergo
487 3327 540 3377 will
552 3326 646 3395 signiiy
662 3325 773 3394 directiy
793 3339 827 3377 un
843 3328 888 3378 the
907 3326 976 3378 buck
987 3327 1071 3379 nithe

123 3384 252 3445 Romanss
271 3390 355 3442 which
365 3394 379 3441 1
389 3391 482 3441 should
494 3392 586 3455 prefer.
653 3399 657 3402 ’

152 3468 181 3505 m
197 3455 242 3511 dd
258 3460 361 3521 podes.
392 3457 684 3610 Notwithstaudipgths
702 3458 805 3528 opinion
826 3458 889 3514 uss
910 3458 1071 3526 respectable
