2392 4009
91 169 133 232 bl
376 163 558 250 Sinuuu'ru
581 163 764 230 Carmina.

91 349 165 406 ante
181 336 212 402 iu
229 335 289 402 huc
304 335 415 402 ordine
431 336 471 404 de
490 338 559 402 'vita
584 351 617 402 et
638 352 739 403 morte
762 334 921 413 disseruit,
946 334 1042 414 salsa,

91 421 201 502 credo,
238 425 445 498 existumans.
482 445 563 510 quae
594 424 637 488 de
669 424 778 487 inieris
801 436 1043 501 memorantur3

90 505 220 576 diverso
246 511 356 578 itinere
379 510 480 574 mains
500 532 521 573 a
555 512 645 575 bunis
679 510 750 573 luca
784 523 875 585 tetra,
909 508 1039 584 inculta,

91 594 303 682 taedamque
337 596 541 662 formidulosa
575 599 706 662 habere.
755 595 884 681 ltaque
914 595 1041 658 censuit

91 700 251 748 escuinus
289 703 401 754 annun
440 705 679 760 enumeramus,
717 702 807 745 rasos
842 704 904 746 rra
938 702 1040 744 auur·

92 789 184 833 crem
208 791 243 835 m
277 790 454 835 cusuuuus
489 791 692 845 mauranus,
732 767 880 832 videlieet
901 769 1041 847 timens,

91 875 142 930 ne,
165 858 193 920 si
216 856 338 920 Romae
361 859 434 934 aiut,
457 874 511 921 aut
532 877 551 920 a
570 855 775 942 popularibus
800 854 1040 940 conjurationis,

90 955 146 1003 aut
167 955 200 1004 ⁸¹a
223 940 421 1006 multitudine
452 942 620 1019 conducta,
658 963 716 1026 per
749 943 811 1004 vim
849 942 1039 1023 eripiantur.

91 1025 192 1106 Quasi
216 1048 292 1092 veru
313 1028 387 1092 mali
410 1042 503 1114 atque
525 1028 654 1093 scelesti
670 1027 885 1091 tantummodo
901 1029 931 1090 iu
948 1026 1042 1104 urbe,

91 1126 124 1176 et
139 1134 201 1178 nau
260 1126 386 1179 rtotam
411 1115 531 1180 ltaliam
555 1118 641 1190 sint3
665 1129 795 1178 autnon
816 1114 860 1176 ibi
876 1111 947 1197 plus
965 1134 1040 1195 pos·

91 1198 134 1261 uit
164 1202 313 1279 anania,
345 1200 400 1266 ubi
432 1200 474 1264 ad
505 1200 737 1266 defendendum
774 1220 854 1285 open
887 1200 1041 1263 minares·

93 1283 202 1363 Quare
226 1305 339 1350 vanum
361 1286 509 1372 equidem
533 1287 593 1351 huc
615 1284 791 1362 consilium,
814 1288 840 1350 si
866 1284 1040 1368 periculum

93 1391 135 1434 ex
152 1370 214 1435 illis
230 1372 364 1436 metuite
387 1375 435 1435 niu
460 1372 491 1437 iu
506 1387 595 1438 tauto
610 1372 747 1438 omnium
774 1387 857 1437 metu
874 1370 959 1435 solus
977 1392 1042 1435 uon

94 1456 193 1531 timet,
226 1479 266 1522 eo
295 1460 397 1542 magis
429 1459 525 1523 refert
555 1460 630 1523 mihi
662 1473 756 1541 atque
790 1458 882 1521 vobis
917 1458 1041 1520 timere.

94 1539 222 1621 Quaem.
236 1563 307 1614 cnm
322 1541 362 1607 de
386 1542 423 1606 P.
443 1543 579 1607 Lentulo
594 1545 772 1629 ceterisque
789 1545 943 1617 statuetis,
967 1563 1043 1626 pro·

94 1642 183 1692 certo
206 1628 366 1704 habetote,
398 1649 457 1693 vnn
480 1629 571 1693 simul
588 1628 636 1693 'de
660 1628 802 1692 exercitu
825 1627 984 1693 Catilinae
1007 1640 1043 1691 et

93 1712 135 1780 de
157 1714 302 1780 omnihus
324 1716 496 1802 conjuratis
518 1715 711 1784 decernere..
749 1714 891 1795 'Quanto
912 1735 970 1777 vos
992 1725 1042 1776 at·

95 1801 210 1864 tentius
230 1821 271 1864 ea
293 1803 407 1886 agetis,
434 1815 521 1867 tanto
544 1802 607 1869 illis
629 1803 751 1867 animus
774 1802 925 1866 infirmior
946 1799 1006 1863 elit
1031 1820 1041 1861 z

94 1886 122 1948 si
145 1885 316 1970 paullulum
335 1886 434 1972 modu
457 1909 514 1953 vus
536 1888 689 1987 languere
712 1885 859 1963 viderint,
884 1888 952 1971 jam
975 1906 1042 1949 om·

94 1990 152 2036 nee
175 1972 299 2037 feroces
320 1970 466 2039 aderunt.
532 1973 641 2052 Nuhte
664 1972 866 2049 existumare,
903 1971 1043 2056 majores

94 2070 220 2122 nostros
252 2059 366 2123 'armis
389 2059 618 2145 rempublicam
641 2080 681 2123 ex
705 2078 804 2144 parva
826 2078 973 2142 magnam
994 2059 1043 2124 le·

94 2143 191 2208 cisse.
217 2177 234 2202 ·.
258 2145 293 2208 Si
316 2145 358 2209 ita
372 2165 432 2210 res
454 2159 550 2226 esset,
574 2146 671 2212 multo
694 2146 946 2231 pulcherrumam
970 2163 1044 2209 eam

97 2250 156 2293 noa
186 2227 395 2295 haberemus:
433 2233 552 2318 quippe
590 2234 747 2296 sociorum
783 2245 877 2316 atque
914 2230 1063 2308 civium‚'

94 2329 261 2401 praeterea
284 2338 439 2383 armorum
462 2333 556 2407 atque
579 2338 730 2404 equorum
752 2319 853 2404 major
876 2314 969 2382 uobis
985 2336 1042 2378 cu·

97 2403 162 2487 pia,
186 2423 278 2491 quam
302 2403 374 2469 illis.
421 2405 484 2469 Sed
507 2404 570 2469 alia
593 2408 692 2486 fuere,
715 2425 796 2491 quae
820 2402 890 2466 illua
911 2421 1045 2486 magnos

97 2488 213 2568 secere,
238 2511 317 2575 quae
342 2491 434 2555 nobis
457 2491 541 2556 nulla
565 2505 662 2569 sunt;
684 2491 770 2566 domi
787 2488 950 2563 industria,
967 2488 1046 2560 loris

93 2574 209 2660 justum
236 2577 410 2659 imperium,
443 2578 577 2639 lanimus
603 2578 634 2638 in
656 2575 851 2639 consulendo
874 2573 965 2648 liber,
988 2595 1046 2637 ne·

96 2680 157 2743 que
180 2657 306 2735 delicto,
331 2681 432 2744 neque
455 2659 587 2723 lubidini
611 2659 781 2723 obnoxium
828 2658 891 2721 Pro
914 2658 961 2720 his
986 2681 1047 2723 uos

95 2743 247 2810 habemus
271 2744 426 2810 luxuriam
448 2758 541 2833 atque
565 2747 766 2833 avaritiam3
800 2742 928 2830 publice
952 2767 1044 2831 eges·
1131 2821 1134 2829 Ι
1189 2741 1191 2760 '

128 2943 141 2986 t
158 2938 267 3014 Timene.
300 2936 365 2987 This
377 2937 449 2987 word
458 2937 543 3004 might
554 2938 586 2989 be
599 2938 730 3005 elegantly
742 2936 908 2998 understood,
917 2952 945 2987 aa
954 2935 974 2986 it
986 2935 1008 2987 ia
1018 2937 1047 2988 in

96 3004 352 3122 ”lile-delrllllllllirline
365 3075 493 3122 conducta.
508 3049 512 3055 Δ
528 3075 592 3136 Bya
603 3071 677 3122 hired
690 3071 758 3123 muh.

129 3153 147 3188 v
169 3141 265 3201 Quanto
276 3155 319 3187 vna
332 3142 458 3198 nnerrtinn,
471 3140 517 3187 &e
550 3141 609 3188 The
620 3154 691 3188 mure
703 3138 851 3203 viguroualy
862 3152 894 3201 ye
905 3135 971 3185 shall
984 3144 1035 3187 aet.

130 3216 156 3253 w
178 3208 271 3256 drmit.
319 3207 426 3255 Tantum
445 3219 476 3255 or
494 3208 559 3256 modu
577 3205 744 3266 understood,
766 3205 791 3254 ia
815 3204 940 3255 imitation
957 3202 988 3254 uf
1001 3206 1048 3255 the

97 3272 269 3389 Glxeellliinmr
290 3345 318 3390 in
333 3343 483 3401 ronmlendn,
495 3341 541 3390 διο.
577 3338 658 3389 Their
673 3337 758 3388 minda
775 3353 842 3388 were
861 3335 1009 3397 unfettared
1021 3337 1048 3387 'ra

99 3401 168 3452 their
179 3403 360 3457 deliberatimrs
371 3427 378 3462 r
397 3407 458 3473 they
474 3423 541 3459 wera
556 3406 657 3457 neither
667 3404 822 3471 chargeahle
833 3404 898 3454 with
914 3403 991 3473 guilt,
1001 3419 1052 3460 nun

94 3465 241 3539 influeuced
251 3472 283 3535 by
292 3474 401 3536 passion.
