2392 4009
378 191 554 255 Sauuusun
578 181 760 255 Carmina.
1000 189 1038 280 ⁵-.¹

93 361 221 441 civitas,
237 379 350 451 magna
367 377 459 449 atque
490 362 668 450 magnilica,
685 383 765 448 quae
783 360 891 447 pupuli
907 357 1043 425 Romani

94 449 212 531 opibus
235 465 390 525 creverat,
414 450 509 513 infida
543 466 638 534 atque
672 450 807 511 advorsa
841 449 933 511 nobis
960 448 1040 518 suit:

51 543 61 549 “
95 534 153 597 sed
178 549 354 620 postquam,
377 536 462 600 bello
486 535 699 611 conleetmde
716 533 851 599 Rhodiis
866 533 1042 597 consultum

96 634 155 695 est,
172 622 307 706 majores
335 626 443 697 nostri,
461 645 498 686 ne
515 624 584 708 quis
612 621 790 702 divitiarum
806 622 935 706 magis,
950 639 1043 705 quam

96 707 230 791 injuriae
252 720 386 783 'causam
426 708 539 772 bellurn
574 708 732 791 inceptum
755 706 886 783 diceret,
911 707 1044 790 impuni-

95 803 145 856 tos
177 791 337 858 dimisere.
392 795 469 858 ltem
495 792 587 856 bellis
626 796 754 859 Punicis
789 795 944 863 omnibus,
971 811 1044 855 cum

95 899 194 960 saepe
218 879 500 966 Carthaginienses
524 893 553 942 et
580 881 610 943 in
635 901 728 964 pace,
751 893 782 942 et
806 895 864 965 per
888 879 1042 953 inducias,

92 965 192 1029 multu
225 966 324 1030 nefari
348 968 489 1030 taeinora
513 967 673 1042 fecissent,
702 987 867 1052 numquam
891 961 952 1050 ipsi
975 982 1043 1048 tper
1136 965 1138 970 ’

94 1047 306 1124 occasionem
330 1055 409 1115 talin*
441 1056 570 1116 iecere:
594 1047 706 1138 magis,
728 1052 818 1138 “quid
856 1074 891 1115 se
913 1051 1042 1137 dignuin

95 1138 188 1216 soret,
212 1160 304 1224 qnam
328 1138 400 1225 quid
425 1142 456 1203 in
481 1139 542 1204 illis
561 1141 631 1223 jure
666 1139 733 1201 lieri
769 1153 887 1223 posset,
911 1143 1041 1223 quaere·
1077 1183 1079 1186 -

95 1222 185 1287 bant.
246 1225 317 1287 Huc
349 1224 431 1288 idem
470 1223 698 1308 providendum
732 1241 790 1300 est,
822 1225 933 1286 Panes
968 1244 1043 1286 con·

96 1310 219 1393 scripti,
245 1332 283 1373 ne
305 1310 390 1393 'plus
413 1309 519 1373 ualeat
541 1309 626 1393 apud
649 1330 706 1372 vos
732 1311 767 1372 P.
792 1308 917 1372 Lentuli
939 1321 970 1371 et
992 1315 1045 1370 he·
1142 1321 1144 1326 ·

95 1407 234 1458 terarum
258 1396 372 1471 scelus,
407 1415 498 1481 qnam
533 1411 640 1458 vestra
677 1395 836 1480 dignitas3
861 1416 918 1457 neu
944 1396 1043 1478 magis

100 1482 179 1556 irae,
202 1502 294 1566 quam
319 1484 431 1559 lamae,
455 1480 639 1544 consulatis.
684 1480 768 1545 Num
785 1484 810 1546 si
826 1481 921 1575 digne
941 1501 1045 1565 poeno

96 1565 272 1650 prosectis
296 1589 403 1631 eorum
438 1566 603 1649 reperitur,
634 1583 768 1630 rnovum
796 1567 967 1630 eonsilium
990 1564 1045 1627 ad-

97 1650 228 1736 probo:
252 1654 300 1717 sin
323 1650 507 1738 magnitudo
530 1651 663 1715 sceleris
686 1653 822 1716 omnium
848 1652 972 1738 ingenia
990 1666 1046 1713 ex·
1134 1665 1136 1669 ⁴

96 1735 239 1821 superat,
260 1739 315 1801 ¹iia
336 1737 484 1801 utendum
514 1755 642 1814 censeo,
667 1758 747 1822 quae
771 1738 894 1824 legibus
917 1757 1044 1820 compt-

95 1835 168 1888 rnta
185 1835 268 1886 aunt.
316 1822 460 1908 Plerique
485 1844 603 1900 eorum,
626 1823 680 1908 qui
704 1837 777 1887 ante
799 1845 849 1888 ine
873 1825 1045 1887 sententias

96 1907 258 1987 dixerunt,
296 1911 472 1994 composite
505 1922 601 1995 atque
636 1910 801 1995 magnifice
833 1930 954 1974 rcasum
985 1910 1045 1973 rei·

98 1992 250 2078 publicae
273 1997 637 2082 miseratisuntsquae
674 1994 747 2059 belli
786 1999 930 2075 saevitia,
963 2016 1046 2082 quae

94 2080 192 2143 victis
216 2080 408 2157 acciderent,
432 2101 684 2161 enumeravere3
706 2086 776 2168 rapi
802 2085 950 2169 virgines,
969 2104 1044 2167 pue·

94 2186 177 2242 ros3
200 2165 309 2230 divelli
332 2166 492 2230 liberoso
517 2169 693 2252 parentium
716 2169 906 2254 complexu3
929 2182 1045 2254 matres

93 2250 286 2318 familiarum
312 2256 387 2337 pati,
410 2274 494 2338 quae
512 2255 685 2317 victoribus
704 2254 949 2332 collibuissent3
973 2256 1046 2317 lana

95 2351 195 2422 atque
229 2338 339 2404 domos
373 2339 548 2422 exspoliari
565 2340 747 2417 3⁴'eaedem,
771 2339 917 2402 incendia
954 2340 1048 2416 fieri3

96 2437 273 2508 postremo,
296 2426 403 2502 armis,
437 2423 658 2500 cadaveribus,
693 2446 804 2488 cruore
838 2439 933 2510 atque
963 2423 1048 2489 luctu

95 2509 205 2576 omnia
230 2508 395 2594 compleri.
451 2508 525 2588 Sed,
550 2519 614 2594 per
637 2508 715 2575 deos
750 2511 960 2575 immortalis!
983 2533 1047 2598 quo
1086 2561 1090 2572 ,

131 2698 144 2733 a
165 2685 268 2734 Caussa.
302 2683 367 2734 This
382 2682 453 2733 word
463 2682 485 2732 is
495 2684 606 2735 omitted
615 2684 639 2734 in
648 2684 848 2749 someeditions.

104 2780 109 2791 ·
115 2755 146 2868 fl}
160 2753 214 2864 ltin·
225 2755 379 2811 occasionum,
392 2751 437 2800 &n
471 2752 546 2817 They
557 2767 634 2801 never
650 2752 785 2802 retaliated
795 2754 867 2804 when
880 2755 1047 2821 opportunity

93 2831 113 2869 ⁰
129 2832 242 2943 iimQtiid.
275 2887 338 2932 Less
350 2883 471 2949 properly
480 2884 583 2934 written
608 2887 707 2949 quodie
728 2885 791 2937 both
811 2884 934 2941 branches
953 2888 984 2940 of
1000 2889 1045 2940 tha

92 2957 226 3010 sentence,
238 2966 264 2999 as
277 2965 315 3000 we
323 2947 378 3000 find
391 2951 415 2999 in
428 2966 498 3001 some
509 2950 630 3002 editions.

96 3082 103 3094 .
131 3030 148 3077 νζ
165 3019 230 3066 Plnu
240 3017 331 3066 valeat.
365 3019 428 3082 May
436 3024 482 3066 not
494 3018 577 3085 weigh
590 3034 669 3082 more,
681 3034 739 3087 may
751 3020 839 3073 nothe
852 3021 965 3088 thought
976 3031 1047 3071 more.

95 3093 247 3146 important.
346 3105 349 3106 ⁷

131 3162 156 3195 w
173 3151 414 3203 ,hhvumconullhnn
449 3151 663 3214 Unprecedentett
676 3169 800 3217 measure,
824 3156 874 3203 viz.
894 3151 925 3203 of
941 3150 1050 3218 pulling?

92 3214 206 3266 citizens
218 3225 245 3266 to
257 3217 334 3267 death
349 3235 374 3267 in
388 3216 502 3267 defiance
514 3218 545 3268 of
553 3221 597 3268 the
611 3221 680 3269 lans.

129 3297 149 3331 x
166 3283 212 3334 Iis.
249 3286 331 3333 Paem'a
348 3286 424 3349 being
436 3284 602 3335 understood.
1020 3329 1024 3333 .

97 3365 102 3374 ·
128 3364 146 3413 y
168 3350 266 3397 Caerula.
300 3351 357 3399 The
370 3351 535 3404 unfortunate
547 3352 679 3405 condition
690 3351 721 3404 of
729 3352 773 3402 the
786 3355 865 3399 state·
899 3350 973 3401 Some
985 3337 1047 3404 read

92 3414 255 3481 improperly
272 3432 380 3469 caunum.
