<?xml version="1.0" encoding="UTF-8"?>
<!DOCTYPE html PUBLIC "-//W3C//DTD XHTML 1.0 Transitional//EN"
    "http://www.w3.org/TR/xhtml1/DTD/xhtml1-transitional.dtd">
<html xmlns="http://www.w3.org/1999/xhtml" xml:lang="en" lang="en">
 <head>
  <title>
</title>
<meta http-equiv="Content-Type" content="text/html;charset=utf-8" />
  <meta name='ocr-system' content='tesseract 3.04.00' />
  <meta name='ocr-capabilities' content='ocr_page ocr_carea ocr_par ocr_line ocrx_word'/>
</head>
<body>
  <div class='ocr_page' id='page_1' title='image "./ccrispisallusti04sallgoog_0013.png"; bbox 0 0 2392 4009; ppageno 0'>
   <div class='ocr_carea' id='block_1_1' title="bbox 411 180 1075 274">
    <p class='ocr_par' dir='ltr' id='par_1_1' title="bbox 411 180 1075 274">
     <span class='ocr_line' id='line_1_1' title="bbox 411 180 1075 274; baseline -0.008 -27"><span class='ocrx_word' id='word_1_1' title='bbox 411 181 589 274; x_wconf 68' lang='lat' dir='ltr'><strong>Sunpusrn</strong></span> <span class='ocrx_word' id='word_1_2' title='bbox 612 180 792 245; x_wconf 73' lang='lat' dir='ltr'><strong>Carrttreu.</strong></span> <span class='ocrx_word' id='word_1_3' title='bbox 821 185 825 204; x_wconf 79' lang='lat'>&#39;</span> <span class='ocrx_word' id='word_1_4' title='bbox 1053 185 1075 242; x_wconf 81' lang='grc'>3</span> 
     </span>
    </p>
   </div>
   <div class='ocr_carea' id='block_1_2' title="bbox 44 350 1128 2425">
    <p class='ocr_par' dir='ltr' id='par_1_2' title="bbox 100 350 1087 1711">
     <span class='ocr_line' id='line_1_2' title="bbox 104 350 1087 442; baseline -0.006 -21"><span class='ocrx_word' id='word_1_5' title='bbox 104 355 291 434; x_wconf 62' lang='lat' dir='ltr'><strong>retinetur,</strong></span> <span class='ocrx_word' id='word_1_6' title='bbox 321 354 435 442; x_wconf 84' lang='lat' dir='ltr'><strong>quibus</strong></span> <span class='ocrx_word' id='word_1_7' title='bbox 465 356 556 419; x_wconf 90' lang='lat' dir='ltr'><strong>initio</strong></span> <span class='ocrx_word' id='word_1_8' title='bbox 582 368 703 438; x_wconf 85' lang='lat' dir='ltr'><strong>partum</strong></span> <span class='ocrx_word' id='word_1_9' title='bbox 735 367 794 417; x_wconf 82' lang='lat' dir='ltr'><strong>est.</strong></span> <span class='ocrx_word' id='word_1_10' title='bbox 853 351 982 432; x_wconf 83' lang='lat' dir='ltr'><strong>Verum,</strong></span> <span class='ocrx_word' id='word_1_11' title='bbox 1019 350 1087 416; x_wconf 90' lang='lat' dir='ltr'><strong>uhi</strong></span> 
     </span>
     <span class='ocr_line' id='line_1_3' title="bbox 154 438 1076 528; baseline -0.005 -22"><span class='ocrx_word' id='word_1_12' title='bbox 154 464 190 506; x_wconf 89' lang='lat' dir='ltr'><strong>ro</strong></span> <span class='ocrx_word' id='word_1_13' title='bbox 204 442 329 507; x_wconf 74' lang='lat' dir='ltr'><strong>ulabore</strong></span> <span class='ocrx_word' id='word_1_14' title='bbox 343 440 478 517; x_wconf 82' lang='lat' dir='ltr'><strong>desidia,</strong></span> <span class='ocrx_word' id='word_1_15' title='bbox 496 462 563 528; x_wconf 72' lang='lat' dir='ltr'><strong>vpro</strong></span> <span class='ocrx_word' id='word_1_16' title='bbox 575 441 784 504; x_wconf 74' lang='lat' dir='ltr'><strong>vcontinentia</strong></span> <span class='ocrx_word' id='word_1_17' title='bbox 800 452 832 503; x_wconf 86' lang='lat' dir='ltr'><strong>et</strong></span> <span class='ocrx_word' id='word_1_18' title='bbox 848 441 1005 525; x_wconf 86' lang='lat' dir='ltr'><strong>aequitate</strong></span> <span class='ocrx_word' id='word_1_19' title='bbox 1029 438 1076 502; x_wconf 91' lang='lat' dir='ltr'><strong>lu·</strong></span> 
     </span>
     <span class='ocr_line' id='line_1_4' title="bbox 100 464 1077 615; baseline -0.001 -25"><span class='ocrx_word' id='word_1_20' title='bbox 100 530 103 535; x_wconf 80' lang='grc'><strong>’</strong></span> <span class='ocrx_word' id='word_1_21' title='bbox 129 464 210 591; x_wconf 72' lang='lat' dir='ltr'><strong>llidu</strong></span> <span class='ocrx_word' id='word_1_22' title='bbox 233 543 327 615; x_wconf 88' lang='lat' dir='ltr'><strong>atque</strong></span> <span class='ocrx_word' id='word_1_23' title='bbox 354 529 503 612; x_wconf 85' lang='lat' dir='ltr'><strong>superbia</strong></span> <span class='ocrx_word' id='word_1_24' title='bbox 531 528 688 603; x_wconf 67' lang='lat' dir='ltr'><strong>invasere3</strong></span> <span class='ocrx_word' id='word_1_25' title='bbox 709 529 847 590; x_wconf 59' lang='lat' dir='ltr'><strong>&gt;fortuna</strong></span> <span class='ocrx_word' id='word_1_26' title='bbox 877 525 968 590; x_wconf 82' lang='lat' dir='ltr'><strong>sintul</strong></span> <span class='ocrx_word' id='word_1_27' title='bbox 1005 545 1077 589; x_wconf 87' lang='lat' dir='ltr'><strong>cum</strong></span> 
     </span>
     <span class='ocr_line' id='line_1_5' title="bbox 129 611 1076 697; baseline -0.002 -19"><span class='ocrx_word' id='word_1_28' title='bbox 129 615 269 679; x_wconf 86' lang='lat' dir='ltr'><strong>moribus</strong></span> <span class='ocrx_word' id='word_1_29' title='bbox 300 619 487 680; x_wconf 84' lang='lat' dir='ltr'><strong>immutatur.</strong></span> <span class='ocrx_word' id='word_1_30' title='bbox 508 682 512 686; x_wconf 54' lang='grc'>,</span> <span class='ocrx_word' id='word_1_31' title='bbox 544 612 781 696; x_wconf 83' lang='lat' dir='ltr'><strong>ltaiurperium</strong></span> <span class='ocrx_word' id='word_1_32' title='bbox 798 633 932 697; x_wconf 61' lang='lat' dir='ltr'><strong>*semper</strong></span> <span class='ocrx_word' id='word_1_33' title='bbox 955 611 994 675; x_wconf 89' lang='lat' dir='ltr'><strong>ad</strong></span> <span class='ocrx_word' id='word_1_34' title='bbox 1018 633 1076 697; x_wconf 90' lang='lat' dir='ltr'><strong>op·</strong></span> 
     </span>
     <span class='ocr_line' id='line_1_6' title="bbox 129 692 1076 787; baseline 0 -25"><span class='ocrx_word' id='word_1_35' title='bbox 129 703 425 787; x_wconf 60' lang='lat' dir='ltr'><strong>tumumsquemqne</strong></span> <span class='ocrx_word' id='word_1_36' title='bbox 455 722 474 763; x_wconf 89' lang='lat' dir='ltr'><strong>a</strong></span> <span class='ocrx_word' id='word_1_37' title='bbox 501 700 603 772; x_wconf 74' lang='lat' dir='ltr'><strong>minus</strong></span> <span class='ocrx_word' id='word_1_38' title='bbox 634 699 718 762; x_wconf 89' lang='lat' dir='ltr'><strong>bono</strong></span> <span class='ocrx_word' id='word_1_39' title='bbox 740 692 1076 779; x_wconf 63' lang='lat' dir='ltr'><strong>transfertur.XQuae</strong></span> 
     </span>
     <span class='ocr_line' id='line_1_7' title="bbox 128 784 1075 872; baseline -0.003 -22"><span class='ocrx_word' id='word_1_40' title='bbox 128 785 271 850; x_wconf 81' lang='lat' dir='ltr'><strong>homines</strong></span> <span class='ocrx_word' id='word_1_41' title='bbox 296 795 418 863; x_wconf 66' lang='lat' dir='ltr'><strong>warunt,</strong></span> <span class='ocrx_word' id='word_1_42' title='bbox 453 786 614 872; x_wconf 78' lang='lat' dir='ltr'>navigant,</span> <span class='ocrx_word' id='word_1_43' title='bbox 637 784 817 861; x_wconf 82' lang='lat' dir='ltr'><strong>aedificant,</strong></span> <span class='ocrx_word' id='word_1_44' title='bbox 841 786 946 848; x_wconf 85' lang='lat' dir='ltr'><strong>virtuti</strong></span> <span class='ocrx_word' id='word_1_45' title='bbox 970 787 1075 849; x_wconf 86' lang='lat' dir='ltr'><strong>omnia</strong></span> 
     </span>
     <span class='ocr_line' id='line_1_8' title="bbox 129 870 1076 957; baseline -0.002 -22"><span class='ocrx_word' id='word_1_46' title='bbox 129 886 252 957; x_wconf 81' lang='lat' dir='ltr'><strong>parent.</strong></span> <span class='ocrx_word' id='word_1_47' title='bbox 312 874 375 936; x_wconf 80' lang='lat' dir='ltr'><strong>Sed</strong></span> <span class='ocrx_word' id='word_1_48' title='bbox 403 872 492 937; x_wconf 86' lang='lat' dir='ltr'><strong>multi</strong></span> <span class='ocrx_word' id='word_1_49' title='bbox 520 870 680 947; x_wconf 80' lang='lat' dir='ltr'>mortales,</span> <span class='ocrx_word' id='word_1_50' title='bbox 721 871 820 934; x_wconf 85' lang='lat' dir='ltr'><strong>dediti</strong></span> <span class='ocrx_word' id='word_1_51' title='bbox 846 873 948 935; x_wconf 86' lang='lat' dir='ltr'><strong>ventri</strong></span> <span class='ocrx_word' id='word_1_52' title='bbox 974 879 1076 957; x_wconf 84' lang='lat' dir='ltr'><strong>&#39;atquc</strong></span> 
     </span>
     <span class='ocr_line' id='line_1_9' title="bbox 127 958 1075 1043; baseline 0 -22"><span class='ocrx_word' id='word_1_53' title='bbox 127 980 249 1029; x_wconf 68' lang='lat' dir='ltr'><strong>somno,</strong></span> <span class='ocrx_word' id='word_1_54' title='bbox 274 959 393 1022; x_wconf 86' lang='lat' dir='ltr'><strong>indocti</strong></span> <span class='ocrx_word' id='word_1_55' title='bbox 424 958 593 1043; x_wconf 76' lang='lat' dir='ltr'><strong>incultique</strong></span> <span class='ocrx_word' id='word_1_56' title='bbox 620 960 728 1034; x_wconf 81' lang='lat' dir='ltr'><strong>vitam,</strong></span> <span class='ocrx_word' id='word_1_57' title='bbox 762 959 854 1021; x_wconf 88' lang='lat' dir='ltr'><strong>sicuti</strong></span> <span class='ocrx_word' id='word_1_58' title='bbox 870 958 1075 1043; x_wconf 83' lang='lat' dir='ltr'><strong>peregrinan-</strong></span> 
     </span>
     <span class='ocr_line' id='line_1_10' title="bbox 126 1045 1074 1131; baseline 0.001 -25"><span class='ocrx_word' id='word_1_59' title='bbox 126 1058 186 1122; x_wconf 87' lang='lat' dir='ltr'><strong>tes,</strong></span> <span class='ocrx_word' id='word_1_60' title='bbox 222 1059 425 1131; x_wconf 80' lang='lat' dir='ltr'><strong>transegere3</strong></span> <span class='ocrx_word' id='word_1_61' title='bbox 463 1046 587 1130; x_wconf 83' lang='lat' dir='ltr'><strong>quibus,</strong></span> <span class='ocrx_word' id='word_1_62' title='bbox 622 1045 765 1128; x_wconf 86' lang='lat' dir='ltr'><strong>prolecto</strong></span> <span class='ocrx_word' id='word_1_63' title='bbox 790 1058 900 1107; x_wconf 87' lang='lat' dir='ltr'><strong>contra</strong></span> <span class='ocrx_word' id='word_1_64' title='bbox 920 1058 1074 1121; x_wconf 84' lang='lat' dir='ltr'><strong>naturam,</strong></span> 
     </span>
     <span class='ocr_line' id='line_1_11' title="bbox 126 1128 1075 1215; baseline 0.001 -22"><span class='ocrx_word' id='word_1_65' title='bbox 126 1151 243 1214; x_wconf 88' lang='lat' dir='ltr'><strong>corpus</strong></span> <span class='ocrx_word' id='word_1_66' title='bbox 273 1131 439 1215; x_wconf 84' lang='lat' dir='ltr'><strong>voluptati,</strong></span> <span class='ocrx_word' id='word_1_67' title='bbox 471 1133 574 1194; x_wconf 85' lang='lat' dir='ltr'><strong>anima</strong></span> <span class='ocrx_word' id='word_1_68' title='bbox 606 1132 694 1193; x_wconf 84' lang='lat' dir='ltr'><strong>oneri</strong></span> <span class='ocrx_word' id='word_1_69' title='bbox 715 1131 783 1193; x_wconf 88' lang='lat' dir='ltr'><strong>suit.</strong></span> <span class='ocrx_word' id='word_1_70' title='bbox 858 1128 975 1193; x_wconf 80' lang='lat' dir='ltr'><strong>Eorum</strong></span> <span class='ocrx_word' id='word_1_71' title='bbox 1013 1151 1075 1215; x_wconf 87' lang='lat' dir='ltr'><strong>ego</strong></span> 
     </span>
     <span class='ocr_line' id='line_1_12' title="bbox 126 1214 1075 1304; baseline 0 -26"><span class='ocrx_word' id='word_1_72' title='bbox 126 1217 224 1281; x_wconf 83' lang='lat' dir='ltr'><strong>vitam</strong></span> <span class='ocrx_word' id='word_1_73' title='bbox 254 1230 446 1302; x_wconf 80' lang='lat' dir='ltr'><strong>mortemque</strong></span> <span class='ocrx_word' id='word_1_74' title='bbox 470 1218 572 1304; x_wconf 84' lang='lat' dir='ltr'><strong>¹juxta</strong></span> <span class='ocrx_word' id='word_1_75' title='bbox 589 1231 743 1293; x_wconf 77' lang='lat' dir='ltr'><strong>aestuum,</strong></span> <span class='ocrx_word' id='word_1_76' title='bbox 766 1218 913 1302; x_wconf 87' lang='lat' dir='ltr'><strong>quoniam</strong></span> <span class='ocrx_word' id='word_1_77' title='bbox 928 1214 968 1279; x_wconf 90' lang='lat' dir='ltr'><strong>de</strong></span> <span class='ocrx_word' id='word_1_78' title='bbox 991 1230 1075 1279; x_wconf 88' lang='lat' dir='ltr'><strong>utra·</strong></span> 
     </span>
     <span class='ocr_line' id='line_1_13' title="bbox 126 1301 1076 1387; baseline 0.002 -24"><span class='ocrx_word' id='word_1_79' title='bbox 126 1323 188 1387; x_wconf 90' lang='lat' dir='ltr'><strong>que</strong></span> <span class='ocrx_word' id='word_1_80' title='bbox 205 1301 324 1366; x_wconf 84' lang='lat' dir='ltr'><strong>siletur.</strong></span> <span class='ocrx_word' id='word_1_81' title='bbox 372 1302 489 1367; x_wconf 85' lang='lat' dir='ltr'><strong>Verurn</strong></span> <span class='ocrx_word' id='word_1_82' title='bbox 517 1304 600 1365; x_wconf 85' lang='lat' dir='ltr'><strong>enim</strong></span> <span class='ocrx_word' id='word_1_83' title='bbox 626 1323 704 1364; x_wconf 83' lang='lat' dir='ltr'><strong>vern</strong></span> <span class='ocrx_word' id='word_1_84' title='bbox 730 1304 757 1365; x_wconf 84' lang='lat' dir='ltr'><strong>is</strong></span> <span class='ocrx_word' id='word_1_85' title='bbox 783 1302 906 1365; x_wconf 87' lang='lat' dir='ltr'><strong>demum</strong></span> <span class='ocrx_word' id='word_1_86' title='bbox 930 1302 1005 1366; x_wconf 87' lang='lat' dir='ltr'><strong>mihi</strong></span> <span class='ocrx_word' id='word_1_87' title='bbox 1029 1302 1076 1365; x_wconf 82' lang='lat' dir='ltr'><strong>vi·</strong></span> 
     </span>
     <span class='ocr_line' id='line_1_14' title="bbox 124 1384 1069 1475; baseline 0.001 -25"><span class='ocrx_word' id='word_1_88' title='bbox 124 1405 201 1450; x_wconf 79' lang='lat' dir='ltr'><strong>vere</strong></span> <span class='ocrx_word' id='word_1_89' title='bbox 229 1384 322 1475; x_wconf 87' lang='lat' dir='ltr'><strong>atque</strong></span> <span class='ocrx_word' id='word_1_90' title='bbox 344 1389 402 1451; x_wconf 83' lang='lat' dir='ltr'><strong>srui</strong></span> <span class='ocrx_word' id='word_1_91' title='bbox 428 1389 531 1451; x_wconf 85' lang='lat' dir='ltr'><strong>anima</strong></span> <span class='ocrx_word' id='word_1_92' title='bbox 559 1387 694 1465; x_wconf 79' lang='lat' dir='ltr'><strong>videtur,</strong></span> <span class='ocrx_word' id='word_1_93' title='bbox 731 1388 795 1472; x_wconf 86' lang='lat' dir='ltr'><strong>qui,</strong></span> <span class='ocrx_word' id='word_1_94' title='bbox 819 1386 925 1472; x_wconf 88' lang='lat' dir='ltr'><strong>aliquo</strong></span> <span class='ocrx_word' id='word_1_95' title='bbox 940 1389 1069 1475; x_wconf 80' lang='lat' dir='ltr'><strong>negotio</strong></span> 
     </span>
     <span class='ocr_line' id='line_1_15' title="bbox 126 1465 1075 1560; baseline 0.004 -25"><span class='ocrx_word' id='word_1_96' title='bbox 126 1473 275 1551; x_wconf 82' lang='lat' dir='ltr'><strong>intentus,</strong></span> <span class='ocrx_word' id='word_1_97' title='bbox 298 1472 456 1560; x_wconf 82' lang='lat' dir='ltr'><strong>praeclari</strong></span> <span class='ocrx_word' id='word_1_98' title='bbox 485 1465 646 1550; x_wconf 80' lang='lat' dir='ltr'><strong>facinoris,</strong></span> <span class='ocrx_word' id='word_1_99' title='bbox 669 1485 723 1536; x_wconf 85' lang='lat' dir='ltr'><strong>aut</strong></span> <span class='ocrx_word' id='word_1_100' title='bbox 748 1474 824 1536; x_wconf 86' lang='lat' dir='ltr'><strong>artis</strong></span> <span class='ocrx_word' id='word_1_101' title='bbox 841 1471 944 1536; x_wconf 86' lang='lat' dir='ltr'><strong>bonae</strong></span> <span class='ocrx_word' id='word_1_102' title='bbox 961 1474 1075 1539; x_wconf 82' lang='lat' dir='ltr'><strong>lamam</strong></span> 
     </span>
     <span class='ocr_line' id='line_1_16' title="bbox 127 1557 1075 1648; baseline 0.003 -26"><span class='ocrx_word' id='word_1_103' title='bbox 127 1560 262 1644; x_wconf 85' lang='lat' dir='ltr'><strong>quaerit.</strong></span> <span class='ocrx_word' id='word_1_104' title='bbox 309 1558 383 1639; x_wconf 86' lang='lat' dir='ltr'><strong>Sed,</strong></span> <span class='ocrx_word' id='word_1_105' title='bbox 405 1561 453 1625; x_wconf 86' lang='lat' dir='ltr'><strong>rin</strong></span> <span class='ocrx_word' id='word_1_106' title='bbox 478 1579 592 1648; x_wconf 82' lang='lat' dir='ltr'><strong>magna</strong></span> <span class='ocrx_word' id='word_1_107' title='bbox 619 1559 714 1646; x_wconf 89' lang='lat' dir='ltr'><strong>copia</strong></span> <span class='ocrx_word' id='word_1_108' title='bbox 747 1580 862 1638; x_wconf 85' lang='lat' dir='ltr'><strong>rerum,</strong></span> <span class='ocrx_word' id='word_1_109' title='bbox 897 1557 998 1623; x_wconf 67' lang='lat' dir='ltr'><strong>⁸aliud</strong></span> <span class='ocrx_word' id='word_1_110' title='bbox 1020 1558 1075 1625; x_wconf 88' lang='lat' dir='ltr'><strong>alii</strong></span> 
     </span>
     <span class='ocr_line' id='line_1_17' title="bbox 123 1644 477 1711; baseline 0.008 -3"><span class='ocrx_word' id='word_1_111' title='bbox 123 1658 237 1709; x_wconf 85' lang='lat' dir='ltr'><strong>natura</strong></span> <span class='ocrx_word' id='word_1_112' title='bbox 251 1647 310 1710; x_wconf 88' lang='lat' dir='ltr'><strong>iter</strong></span> <span class='ocrx_word' id='word_1_113' title='bbox 325 1644 477 1711; x_wconf 74' lang='lat' dir='ltr'><strong>ostendit,</strong></span> 
     </span>
    </p>

    <p class='ocr_par' dir='ltr' id='par_1_3' title="bbox 124 1727 1076 2079">
     <span class='ocr_line' id='line_1_18' title="bbox 170 1727 1076 1818; baseline 0.007 -24"><span class='ocrx_word' id='word_1_114' title='bbox 170 1731 228 1795; x_wconf 85' lang='lat' dir='ltr'><strong>lll.</strong></span> <span class='ocrx_word' id='word_1_115' title='bbox 253 1732 440 1798; x_wconf 81' lang='lat' dir='ltr'><strong>Puncnanrr</strong></span> <span class='ocrx_word' id='word_1_116' title='bbox 455 1743 504 1797; x_wconf 85' lang='lat' dir='ltr'><strong>est</strong></span> <span class='ocrx_word' id='word_1_117' title='bbox 528 1727 611 1796; x_wconf 78' lang='lat' dir='ltr'><strong>tene</strong></span> <span class='ocrx_word' id='word_1_118' title='bbox 628 1732 734 1796; x_wconf 84' lang='lat' dir='ltr'><strong>lacere</strong></span> <span class='ocrx_word' id='word_1_119' title='bbox 746 1730 942 1818; x_wconf 84' lang='lat' dir='ltr'><strong>reipublicae</strong></span> <span class='ocrx_word' id='word_1_120' title='bbox 959 1734 1076 1801; x_wconf 79' lang='lat' dir='ltr'><strong>retiam</strong></span> 
     </span>
     <span class='ocr_line' id='line_1_19' title="bbox 124 1813 1073 1903; baseline 0.005 -23"><span class='ocrx_word' id='word_1_121' title='bbox 124 1813 329 1883; x_wconf 84' lang='lat' dir='ltr'><strong>benedicere</strong></span> <span class='ocrx_word' id='word_1_122' title='bbox 346 1819 428 1884; x_wconf 89' lang='lat' dir='ltr'><strong>haud</strong></span> <span class='ocrx_word' id='word_1_123' title='bbox 443 1816 614 1883; x_wconf 72' lang='lat' dir='ltr'><strong>absurdum</strong></span> <span class='ocrx_word' id='word_1_124' title='bbox 628 1830 689 1883; x_wconf 83' lang='lat' dir='ltr'><strong>est.</strong></span> <span class='ocrx_word' id='word_1_125' title='bbox 734 1818 796 1884; x_wconf 88' lang='lat' dir='ltr'><strong>Vel</strong></span> <span class='ocrx_word' id='word_1_126' title='bbox 812 1839 904 1903; x_wconf 82' lang='lat' dir='ltr'><strong>pace,</strong></span> <span class='ocrx_word' id='word_1_127' title='bbox 916 1819 966 1883; x_wconf 81' lang='lat' dir='ltr'><strong>rel</strong></span> <span class='ocrx_word' id='word_1_128' title='bbox 978 1817 1073 1900; x_wconf 88' lang='lat' dir='ltr'><strong>bello,</strong></span> 
     </span>
     <span class='ocr_line' id='line_1_20' title="bbox 125 1900 1074 1992; baseline 0.007 -27"><span class='ocrx_word' id='word_1_129' title='bbox 125 1900 246 1968; x_wconf 75' lang='lat' dir='ltr'><strong>clarum</strong></span> <span class='ocrx_word' id='word_1_130' title='bbox 260 1902 329 1969; x_wconf 86' lang='lat' dir='ltr'><strong>fieri</strong></span> <span class='ocrx_word' id='word_1_131' title='bbox 345 1903 440 1969; x_wconf 89' lang='lat' dir='ltr'><strong>licet:</strong></span> <span class='ocrx_word' id='word_1_132' title='bbox 473 1918 505 1969; x_wconf 88' lang='lat' dir='ltr'><strong>et</strong></span> <span class='ocrx_word' id='word_1_133' title='bbox 533 1904 587 1991; x_wconf 90' lang='lat' dir='ltr'><strong>qui</strong></span> <span class='ocrx_word' id='word_1_134' title='bbox 614 1905 730 1985; x_wconf 76' lang='lat' dir='ltr'><strong>iecere,</strong></span> <span class='ocrx_word' id='word_1_135' title='bbox 753 1918 785 1969; x_wconf 92' lang='lat' dir='ltr'><strong>et</strong></span> <span class='ocrx_word' id='word_1_136' title='bbox 808 1909 860 1992; x_wconf 91' lang='lat' dir='ltr'><strong>qui</strong></span> <span class='ocrx_word' id='word_1_137' title='bbox 888 1910 972 1971; x_wconf 84' lang='lat' dir='ltr'><strong>iacta</strong></span> <span class='ocrx_word' id='word_1_138' title='bbox 994 1906 1074 1972; x_wconf 83' lang='lat' dir='ltr'><strong>ulio·</strong></span> 
     </span>
     <span class='ocr_line' id='line_1_21' title="bbox 125 1988 1075 2079; baseline 0.006 -27"><span class='ocrx_word' id='word_1_139' title='bbox 125 2005 194 2054; x_wconf 83' lang='lat' dir='ltr'><strong>rum</strong></span> <span class='ocrx_word' id='word_1_140' title='bbox 219 1989 389 2076; x_wconf 78' lang='lat' dir='ltr'><strong>scripsere,</strong></span> <span class='ocrx_word' id='word_1_141' title='bbox 412 1990 500 2056; x_wconf 86' lang='lat' dir='ltr'><strong>multi</strong></span> <span class='ocrx_word' id='word_1_142' title='bbox 528 1988 707 2056; x_wconf 87' lang='lat' dir='ltr'><strong>laudantur.</strong></span> <span class='ocrx_word' id='word_1_143' title='bbox 765 1994 812 2056; x_wconf 83' lang='lat' dir='ltr'><strong>Ac</strong></span> <span class='ocrx_word' id='word_1_144' title='bbox 838 1992 914 2057; x_wconf 87' lang='lat' dir='ltr'><strong>mihi</strong></span> <span class='ocrx_word' id='word_1_145' title='bbox 937 1992 1075 2079; x_wconf 87' lang='lat' dir='ltr'><strong>quidem,</strong></span> 
     </span>
    </p>

    <p class='ocr_par' dir='ltr' id='par_1_4' title="bbox 86 2075 1076 2249">
     <span class='ocr_line' id='line_1_22' title="bbox 86 2075 1076 2165; baseline 0.005 -27"><span class='ocrx_word' id='word_1_146' title='bbox 86 2087 92 2100; x_wconf 84' lang='lat'>‘</span> <span class='ocrx_word' id='word_1_147' title='bbox 124 2088 244 2140; x_wconf 67' lang='lat' dir='ltr'><strong>‘tamen</strong></span> <span class='ocrx_word' id='word_1_148' title='bbox 271 2077 330 2140; x_wconf 82' lang='lat' dir='ltr'><strong>etsi</strong></span> <span class='ocrx_word' id='word_1_149' title='bbox 356 2077 597 2164; x_wconf 67' lang='lat' dir='ltr'><strong>haudquaquam</strong></span> <span class='ocrx_word' id='word_1_150' title='bbox 620 2097 680 2164; x_wconf 87' lang='lat' dir='ltr'><strong>par</strong></span> <span class='ocrx_word' id='word_1_151' title='bbox 694 2075 796 2165; x_wconf 83' lang='lat' dir='ltr'><strong>gloria</strong></span> <span class='ocrx_word' id='word_1_152' title='bbox 812 2091 961 2164; x_wconf 86' lang='lat' dir='ltr'><strong>sequatur</strong></span> <span class='ocrx_word' id='word_1_153' title='bbox 976 2080 1076 2164; x_wconf 87' lang='lat' dir='ltr'><strong>scrip·</strong></span> 
     </span>
     <span class='ocr_line' id='line_1_23' title="bbox 122 2164 1076 2249; baseline 0.013 -28"><span class='ocrx_word' id='word_1_154' title='bbox 122 2168 225 2227; x_wconf 83' lang='lat' dir='ltr'><strong>turem</strong></span> <span class='ocrx_word' id='word_1_155' title='bbox 241 2173 274 2226; x_wconf 88' lang='lat' dir='ltr'><strong>et</strong></span> <span class='ocrx_word' id='word_1_156' title='bbox 295 2165 472 2229; x_wconf 58' lang='lat' dir='ltr'><strong>”auctorem</strong></span> <span class='ocrx_word' id='word_1_157' title='bbox 496 2185 612 2242; x_wconf 86' lang='lat' dir='ltr'><strong>rernm,</strong></span> <span class='ocrx_word' id='word_1_158' title='bbox 644 2176 748 2229; x_wconf 85' lang='lat' dir='ltr'><strong>tamen</strong></span> <span class='ocrx_word' id='word_1_159' title='bbox 776 2167 808 2229; x_wconf 93' lang='lat' dir='ltr'><strong>in</strong></span> <span class='ocrx_word' id='word_1_160' title='bbox 825 2167 934 2249; x_wconf 85' lang='lat' dir='ltr'><strong>primis</strong></span> <span class='ocrx_word' id='word_1_161' title='bbox 946 2164 1076 2233; x_wconf 85' lang='lat' dir='ltr'><strong>arduum</strong></span> 
     </span>
    </p>

    <p class='ocr_par' dir='ltr' id='par_1_5' title="bbox 44 2245 1128 2425">
     <span class='ocr_line' id='line_1_24' title="bbox 44 2245 1128 2337; baseline 0.008 -28"><span class='ocrx_word' id='word_1_162' title='bbox 44 2319 56 2335; x_wconf 36' lang='lat'>⁸</span> <span class='ocrx_word' id='word_1_163' title='bbox 114 2245 250 2312; x_wconf 73' lang='lat' dir='ltr'><strong>²videtur</strong></span> <span class='ocrx_word' id='word_1_164' title='bbox 277 2261 342 2315; x_wconf 70' lang='lat' dir='ltr'><strong>‘res</strong></span> <span class='ocrx_word' id='word_1_165' title='bbox 365 2263 477 2336; x_wconf 81' lang='lat' dir='ltr'><strong>gestae</strong></span> <span class='ocrx_word' id='word_1_166' title='bbox 500 2250 664 2314; x_wconf 85' lang='lat' dir='ltr'><strong>scribere:</strong></span> <span class='ocrx_word' id='word_1_167' title='bbox 701 2251 846 2336; x_wconf 87' lang='lat' dir='ltr'><strong>primum,</strong></span> <span class='ocrx_word' id='word_1_168' title='bbox 883 2250 966 2337; x_wconf 88' lang='lat' dir='ltr'><strong>quod</strong></span> <span class='ocrx_word' id='word_1_169' title='bbox 991 2254 1074 2318; x_wconf 85' lang='lat' dir='ltr'><strong>sacta</strong></span> <span class='ocrx_word' id='word_1_170' title='bbox 1120 2278 1128 2295; x_wconf 87' lang='lat'><strong>·</strong></span> 
     </span>
     <span class='ocr_line' id='line_1_25' title="bbox 100 2307 1075 2425; baseline 0.007 -28"><span class='ocrx_word' id='word_1_171' title='bbox 100 2307 233 2407; x_wconf 53' lang='lat' dir='ltr'><strong>,dilictis</strong></span> <span class='ocrx_word' id='word_1_172' title='bbox 249 2348 320 2401; x_wconf 88' lang='lat' dir='ltr'><strong>sunt</strong></span> <span class='ocrx_word' id='word_1_173' title='bbox 336 2336 568 2424; x_wconf 81' lang='lat' dir='ltr'><strong>exaequanda:</strong></span> <span class='ocrx_word' id='word_1_174' title='bbox 590 2335 717 2416; x_wconf 81' lang='lat' dir='ltr'><strong>dehinc,</strong></span> <span class='ocrx_word' id='word_1_175' title='bbox 733 2338 808 2423; x_wconf 90' lang='lat' dir='ltr'><strong>quia</strong></span> <span class='ocrx_word' id='word_1_176' title='bbox 823 2335 977 2423; x_wconf 78' lang='lat' dir='ltr'><strong>plerique,</strong></span> <span class='ocrx_word' id='word_1_177' title='bbox 993 2359 1075 2425; x_wconf 87' lang='lat' dir='ltr'><strong>quae</strong></span> 
     </span>
    </p>
   </div>
   <div class='ocr_carea' id='block_1_3' title="bbox 114 2502 1078 3577">
    <p class='ocr_par' dir='ltr' id='par_1_6' title="bbox 122 2502 1078 2704">
     <span class='ocr_line' id='line_1_26' title="bbox 129 2502 1050 2570; baseline 0.004 -14"><span class='ocrx_word' id='word_1_178' title='bbox 129 2539 134 2550; x_wconf 88' lang='lat'>.</span> <span class='ocrx_word' id='word_1_179' title='bbox 156 2523 177 2556; x_wconf 86' lang='lat' dir='ltr'><strong>n</strong></span> <span class='ocrx_word' id='word_1_180' title='bbox 192 2510 247 2557; x_wconf 81' lang='lat' dir='ltr'><strong>Pro</strong></span> <span class='ocrx_word' id='word_1_181' title='bbox 260 2509 348 2555; x_wconf 76' lang='lat' dir='ltr'><strong>tabor-e.</strong></span> <span class='ocrx_word' id='word_1_182' title='bbox 362 2511 367 2520; x_wconf 95' lang='grc'><strong>’</strong></span> <span class='ocrx_word' id='word_1_183' title='bbox 382 2508 468 2557; x_wconf 81' lang='lat' dir='ltr'><strong>Labor</strong></span> <span class='ocrx_word' id='word_1_184' title='bbox 478 2508 500 2558; x_wconf 82' lang='lat' dir='ltr'><strong>is</strong></span> <span class='ocrx_word' id='word_1_185' title='bbox 512 2506 574 2570; x_wconf 72' lang='lat' dir='ltr'><strong>hele</strong></span> <span class='ocrx_word' id='word_1_186' title='bbox 583 2504 661 2554; x_wconf 82' lang='lat' dir='ltr'><strong>taken</strong></span> <span class='ocrx_word' id='word_1_187' title='bbox 671 2503 712 2555; x_wconf 81' lang='lat' dir='ltr'><strong>lor</strong></span> <span class='ocrx_word' id='word_1_188' title='bbox 722 2502 898 2569; x_wconf 78' lang='lat' dir='ltr'><strong>adisposition</strong></span> <span class='ocrx_word' id='word_1_189' title='bbox 909 2510 937 2555; x_wconf 89' lang='lat' dir='ltr'><strong>to</strong></span> <span class='ocrx_word' id='word_1_190' title='bbox 949 2505 1050 2560; x_wconf 78' lang='lat' dir='ltr'><strong>labour.</strong></span> 
     </span>
     <span class='ocr_line' id='line_1_27' title="bbox 128 2570 1078 2690; baseline -0.001 -71"><span class='ocrx_word' id='word_1_191' title='bbox 128 2609 144 2651; x_wconf 67' lang='lat'><strong>¹.</strong></span> <span class='ocrx_word' id='word_1_192' title='bbox 156 2588 173 2622; x_wconf 81' lang='lat' dir='ltr'>v</span> <span class='ocrx_word' id='word_1_193' title='bbox 189 2575 245 2688; x_wconf 67' lang='lat' dir='ltr'><strong>Pqp</strong></span> <span class='ocrx_word' id='word_1_194' title='bbox 257 2576 413 2690; x_wconf 47' lang='lat' dir='ltr'><strong>corqtgneutia,</strong></span> <span class='ocrx_word' id='word_1_195' title='bbox 430 2574 478 2624; x_wconf 69' lang='lat' dir='ltr'><strong>&amp;a</strong></span> <span class='ocrx_word' id='word_1_196' title='bbox 510 2571 616 2622; x_wconf 80' lang='lat' dir='ltr'><strong>Instead</strong></span> <span class='ocrx_word' id='word_1_197' title='bbox 627 2571 659 2622; x_wconf 85' lang='lat' dir='ltr'><strong>of</strong></span> <span class='ocrx_word' id='word_1_198' title='bbox 669 2570 829 2623; x_wconf 74' lang='lat' dir='ltr'><strong>moderatiori</strong></span> <span class='ocrx_word' id='word_1_199' title='bbox 845 2570 896 2622; x_wconf 76' lang='lat' dir='ltr'><strong>arrd</strong></span> <span class='ocrx_word' id='word_1_200' title='bbox 905 2574 1004 2641; x_wconf 86' lang='lat' dir='ltr'><strong>equity,</strong></span> <span class='ocrx_word' id='word_1_201' title='bbox 1020 2590 1078 2642; x_wconf 88' lang='lat' dir='ltr'><strong>pas.</strong></span> 
     </span>
     <span class='ocr_line' id='line_1_28' title="bbox 122 2654 336 2704; baseline -0.005 -13"><span class='ocrx_word' id='word_1_202' title='bbox 122 2655 223 2691; x_wconf 77' lang='lat' dir='ltr'><strong>sionan</strong></span> <span class='ocrx_word' id='word_1_203' title='bbox 252 2654 292 2704; x_wconf 87' lang='lat' dir='ltr'><strong>prr</strong></span> <span class='ocrx_word' id='word_1_204' title='bbox 328 2676 336 2690; x_wconf 89' lang='lat'><strong>.</strong></span> 
     </span>
    </p>

    <p class='ocr_par' dir='ltr' id='par_1_7' title="bbox 114 2705 1077 2912">
     <span class='ocr_line' id='line_1_29' title="bbox 158 2705 1077 2775; baseline 0.008 -20"><span class='ocrx_word' id='word_1_205' title='bbox 158 2722 183 2755; x_wconf 81' lang='lat' dir='ltr'>w</span> <span class='ocrx_word' id='word_1_206' title='bbox 200 2707 292 2768; x_wconf 68' lang='lat' dir='ltr'><strong>Arent,</strong></span> <span class='ocrx_word' id='word_1_207' title='bbox 309 2706 357 2758; x_wconf 80' lang='lat' dir='ltr'><strong>tro.</strong></span> <span class='ocrx_word' id='word_1_208' title='bbox 390 2709 432 2758; x_wconf 80' lang='lat' dir='ltr'><strong>An</strong></span> <span class='ocrx_word' id='word_1_209' title='bbox 444 2706 555 2759; x_wconf 76' lang='lat' dir='ltr'><strong>unusual</strong></span> <span class='ocrx_word' id='word_1_210' title='bbox 566 2705 644 2758; x_wconf 88' lang='lat' dir='ltr'><strong>ruode</strong></span> <span class='ocrx_word' id='word_1_211' title='bbox 662 2705 694 2759; x_wconf 82' lang='lat' dir='ltr'><strong>ol</strong></span> <span class='ocrx_word' id='word_1_212' title='bbox 706 2706 818 2775; x_wconf 75' lang='lat' dir='ltr'><strong>writing,</strong></span> <span class='ocrx_word' id='word_1_213' title='bbox 836 2706 877 2759; x_wconf 78' lang='lat' dir='ltr'><strong>for</strong></span> <span class='ocrx_word' id='word_1_214' title='bbox 887 2712 991 2772; x_wconf 65' lang='lat' dir='ltr'><strong>woodo,</strong></span> <span class='ocrx_word' id='word_1_215' title='bbox 1004 2715 1077 2763; x_wconf 69' lang='lat' dir='ltr'><strong>naeu·</strong></span> 
     </span>
     <span class='ocr_line' id='line_1_30' title="bbox 119 2774 1037 2839; baseline 0.004 -16"><span class='ocrx_word' id='word_1_216' title='bbox 119 2777 216 2839; x_wconf 72' lang='lat' dir='ltr'><strong>goddo,</strong></span> <span class='ocrx_word' id='word_1_217' title='bbox 234 2774 282 2824; x_wconf 74' lang='lat' dir='ltr'><strong>dte.</strong></span> <span class='ocrx_word' id='word_1_218' title='bbox 295 2783 398 2839; x_wconf 75' lang='lat' dir='ltr'><strong>purant.</strong></span> <span class='ocrx_word' id='word_1_219' title='bbox 1031 2821 1037 2835; x_wconf 28' lang='lat' dir='ltr'>x</span> 
     </span>
     <span class='ocr_line' id='line_1_31' title="bbox 114 2839 1075 2912; baseline 0.002 -20"><span class='ocrx_word' id='word_1_220' title='bbox 114 2888 118 2892; x_wconf 85' lang='lat'><em>.</em></span> <span class='ocrx_word' id='word_1_221' title='bbox 157 2854 177 2891; x_wconf 87' lang='lat' dir='ltr'>x</span> <span class='ocrx_word' id='word_1_222' title='bbox 192 2844 282 2890; x_wconf 74' lang='lat' dir='ltr'><strong>Juxta</strong></span> <span class='ocrx_word' id='word_1_223' title='bbox 315 2840 403 2891; x_wconf 79' lang='lat' dir='ltr'><strong>Alike.</strong></span> <span class='ocrx_word' id='word_1_224' title='bbox 438 2841 634 2908; x_wconf 77' lang='lat' dir='ltr'><strong>Apreposition</strong></span> <span class='ocrx_word' id='word_1_225' title='bbox 651 2841 717 2893; x_wconf 83' lang='lat' dir='ltr'><strong>used</strong></span> <span class='ocrx_word' id='word_1_226' title='bbox 735 2839 1075 2912; x_wconf 74' lang='lat' dir='ltr'><strong>adverbiallybyenellage,</strong></span> 
     </span>
    </p>

    <p class='ocr_par' dir='ltr' id='par_1_8' title="bbox 157 2908 1075 2977">
     <span class='ocr_line' id='line_1_32' title="bbox 157 2908 1075 2977; baseline 0.004 -21"><span class='ocrx_word' id='word_1_227' title='bbox 157 2923 175 2972; x_wconf 89' lang='lat' dir='ltr'>y</span> <span class='ocrx_word' id='word_1_228' title='bbox 191 2908 223 2956; x_wconf 82' lang='lat' dir='ltr'><strong>In</strong></span> <span class='ocrx_word' id='word_1_229' title='bbox 231 2924 322 2972; x_wconf 73' lang='lat' dir='ltr'><strong>arogno</strong></span> <span class='ocrx_word' id='word_1_230' title='bbox 334 2912 403 2973; x_wconf 82' lang='lat' dir='ltr'><strong>cupio</strong></span> <span class='ocrx_word' id='word_1_231' title='bbox 415 2926 504 2958; x_wconf 81' lang='lat' dir='ltr'><strong>rerum.</strong></span> <span class='ocrx_word' id='word_1_232' title='bbox 539 2912 567 2959; x_wconf 88' lang='lat' dir='ltr'><strong>lu</strong></span> <span class='ocrx_word' id='word_1_233' title='bbox 580 2909 625 2960; x_wconf 86' lang='lat' dir='ltr'><strong>the</strong></span> <span class='ocrx_word' id='word_1_234' title='bbox 639 2916 715 2975; x_wconf 69' lang='lat' dir='ltr'><strong>grean</strong></span> <span class='ocrx_word' id='word_1_235' title='bbox 725 2910 824 2977; x_wconf 82' lang='lat' dir='ltr'><strong>variety</strong></span> <span class='ocrx_word' id='word_1_236' title='bbox 834 2910 866 2960; x_wconf 85' lang='lat' dir='ltr'><strong>ol</strong></span> <span class='ocrx_word' id='word_1_237' title='bbox 877 2911 1075 2977; x_wconf 79' lang='lat' dir='ltr'><strong>ernploynrents.</strong></span> 
     </span>
    </p>

    <p class='ocr_par' dir='ltr' id='par_1_9' title="bbox 120 2973 1075 3109">
     <span class='ocr_line' id='line_1_33' title="bbox 158 2973 1075 3044; baseline 0.004 -21"><span class='ocrx_word' id='word_1_238' title='bbox 158 2990 173 3023; x_wconf 89' lang='lat' dir='ltr'><strong>z</strong></span> <span class='ocrx_word' id='word_1_239' title='bbox 190 2976 270 3025; x_wconf 62' lang='lat' dir='ltr'><strong>,iliud</strong></span> <span class='ocrx_word' id='word_1_240' title='bbox 280 2978 348 3025; x_wconf 55' lang='lat' dir='ltr'><strong>olm</strong></span> <span class='ocrx_word' id='word_1_241' title='bbox 368 2978 409 3024; x_wconf 85' lang='lat' dir='ltr'><strong>To</strong></span> <span class='ocrx_word' id='word_1_242' title='bbox 425 2973 601 3040; x_wconf 86' lang='lat' dir='ltr'><strong>comprehend</strong></span> <span class='ocrx_word' id='word_1_243' title='bbox 612 2975 665 3026; x_wconf 84' lang='lat' dir='ltr'><strong>this</strong></span> <span class='ocrx_word' id='word_1_244' title='bbox 682 2975 799 3027; x_wconf 83' lang='lat' dir='ltr'><strong>modeof</strong></span> <span class='ocrx_word' id='word_1_245' title='bbox 810 2982 969 3044; x_wconf 79' lang='lat' dir='ltr'><strong>expression,</strong></span> <span class='ocrx_word' id='word_1_246' title='bbox 986 2978 1075 3028; x_wconf 82' lang='lat' dir='ltr'><strong>which</strong></span> 
     </span>
     <span class='ocr_line' id='line_1_34' title="bbox 120 3039 1012 3109; baseline 0.003 -19"><span class='ocrx_word' id='word_1_247' title='bbox 120 3039 197 3091; x_wconf 84' lang='lat' dir='ltr'><strong>often</strong></span> <span class='ocrx_word' id='word_1_248' title='bbox 208 3056 311 3102; x_wconf 75' lang='lat' dir='ltr'><strong>occurs,</strong></span> <span class='ocrx_word' id='word_1_249' title='bbox 323 3057 366 3092; x_wconf 82' lang='lat' dir='ltr'><strong>see</strong></span> <span class='ocrx_word' id='word_1_250' title='bbox 377 3046 437 3092; x_wconf 84' lang='lat' dir='ltr'><strong>note</strong></span> <span class='ocrx_word' id='word_1_251' title='bbox 449 3043 496 3091; x_wconf 82' lang='lat' dir='ltr'><strong>rin</strong></span> <span class='ocrx_word' id='word_1_252' title='bbox 509 3043 554 3092; x_wconf 90' lang='lat' dir='ltr'><strong>the</strong></span> <span class='ocrx_word' id='word_1_253' title='bbox 566 3042 708 3107; x_wconf 82' lang='lat' dir='ltr'><strong>preceding</strong></span> <span class='ocrx_word' id='word_1_254' title='bbox 718 3058 793 3109; x_wconf 82' lang='lat' dir='ltr'><strong>page.</strong></span> <span class='ocrx_word' id='word_1_255' title='bbox 1008 3055 1012 3062; x_wconf 85' lang='lat'><strong>·</strong></span> 
     </span>
    </p>

    <p class='ocr_par' dir='ltr' id='par_1_10' title="bbox 157 3105 890 3162">
     <span class='ocr_line' id='line_1_35' title="bbox 157 3105 890 3162; baseline 0.003 -4"><span class='ocrx_word' id='word_1_256' title='bbox 157 3124 174 3158; x_wconf 77' lang='lat' dir='ltr'><strong>a</strong></span> <span class='ocrx_word' id='word_1_257' title='bbox 191 3109 285 3158; x_wconf 81' lang='lat' dir='ltr'><strong>Tamen</strong></span> <span class='ocrx_word' id='word_1_258' title='bbox 296 3113 349 3159; x_wconf 78' lang='lat' dir='ltr'><strong>etei.</strong></span> <span class='ocrx_word' id='word_1_259' title='bbox 384 3105 545 3159; x_wconf 77' lang='lat' dir='ltr'><strong>Alterwards</strong></span> <span class='ocrx_word' id='word_1_260' title='bbox 557 3109 709 3160; x_wconf 86' lang='lat' dir='ltr'><strong>contracted</strong></span> <span class='ocrx_word' id='word_1_261' title='bbox 721 3112 775 3161; x_wconf 81' lang='lat' dir='ltr'><strong>into</strong></span> <span class='ocrx_word' id='word_1_262' title='bbox 788 3116 890 3162; x_wconf 74' lang='lat' dir='ltr'><strong>tametar&#39;.</strong></span> 
     </span>
    </p>

    <p class='ocr_par' dir='ltr' id='par_1_11' title="bbox 122 3174 1075 3308">
     <span class='ocr_line' id='line_1_36' title="bbox 158 3174 1075 3228; baseline 0.002 -5"><span class='ocrx_word' id='word_1_263' title='bbox 158 3174 332 3226; x_wconf 52' lang='lat' dir='ltr'><strong>balnearem.</strong></span> <span class='ocrx_word' id='word_1_264' title='bbox 367 3177 396 3225; x_wconf 87' lang='lat' dir='ltr'><strong>ln</strong></span> <span class='ocrx_word' id='word_1_265' title='bbox 415 3175 491 3227; x_wconf 87' lang='lat' dir='ltr'><strong>other</strong></span> <span class='ocrx_word' id='word_1_266' title='bbox 510 3175 868 3228; x_wconf 78' lang='lat' dir='ltr'><strong>editionsinloundoctorem.</strong></span> <span class='ocrx_word' id='word_1_267' title='bbox 902 3176 930 3227; x_wconf 83' lang='lat' dir='ltr'><strong>tf</strong></span> <span class='ocrx_word' id='word_1_268' title='bbox 941 3175 1075 3227; x_wconf 81' lang='lat' dir='ltr'><strong>tirelatter</strong></span> 
     </span>
     <span class='ocr_line' id='line_1_37' title="bbox 122 3240 909 3308; baseline 0.004 -19"><span class='ocrx_word' id='word_1_269' title='bbox 122 3240 232 3305; x_wconf 72' lang='lat' dir='ltr'><strong>reading</strong></span> <span class='ocrx_word' id='word_1_270' title='bbox 243 3241 276 3291; x_wconf 80' lang='lat' dir='ltr'><strong>be</strong></span> <span class='ocrx_word' id='word_1_271' title='bbox 286 3242 409 3308; x_wconf 83' lang='lat' dir='ltr'><strong>adopted,</strong></span> <span class='ocrx_word' id='word_1_272' title='bbox 427 3254 531 3296; x_wconf 72' lang='lat' dir='ltr'><strong>rictorem</strong></span> <span class='ocrx_word' id='word_1_273' title='bbox 540 3260 621 3293; x_wconf 82' lang='lat' dir='ltr'><strong>rerum</strong></span> <span class='ocrx_word' id='word_1_274' title='bbox 633 3242 687 3293; x_wconf 88' lang='lat' dir='ltr'><strong>will</strong></span> <span class='ocrx_word' id='word_1_275' title='bbox 700 3244 731 3294; x_wconf 92' lang='lat' dir='ltr'><strong>be</strong></span> <span class='ocrx_word' id='word_1_276' title='bbox 742 3260 757 3293; x_wconf 89' lang='lat' dir='ltr'><strong>a</strong></span> <span class='ocrx_word' id='word_1_277' title='bbox 767 3245 909 3308; x_wconf 75' lang='lat' dir='ltr'><strong>pleonasm.</strong></span> 
     </span>
    </p>

    <p class='ocr_par' dir='ltr' id='par_1_12' title="bbox 123 3307 1075 3491">
     <span class='ocr_line' id='line_1_38' title="bbox 157 3307 1075 3376; baseline 0.001 -19"><span class='ocrx_word' id='word_1_278' title='bbox 157 3321 173 3357; x_wconf 82' lang='lat' dir='ltr'><strong>c</strong></span> <span class='ocrx_word' id='word_1_279' title='bbox 196 3308 249 3356; x_wconf 76' lang='lat' dir='ltr'><strong>Iler</strong></span> <span class='ocrx_word' id='word_1_280' title='bbox 255 3320 348 3371; x_wconf 77' lang='lat' dir='ltr'><strong>geetar.</strong></span> <span class='ocrx_word' id='word_1_281' title='bbox 383 3314 407 3359; x_wconf 83' lang='grc' dir='ltr'><strong>Α</strong></span> <span class='ocrx_word' id='word_1_282' title='bbox 419 3309 534 3376; x_wconf 83' lang='lat' dir='ltr'><strong>history:</strong></span> <span class='ocrx_word' id='word_1_283' title='bbox 552 3308 638 3358; x_wconf 84' lang='lat' dir='ltr'><strong>which</strong></span> <span class='ocrx_word' id='word_1_284' title='bbox 650 3311 676 3359; x_wconf 90' lang='lat' dir='ltr'><strong>in</strong></span> <span class='ocrx_word' id='word_1_285' title='bbox 697 3310 772 3359; x_wconf 72' lang='lat' dir='ltr'><strong>those</strong></span> <span class='ocrx_word' id='word_1_286' title='bbox 782 3310 847 3376; x_wconf 77' lang='lat' dir='ltr'><strong>days</strong></span> <span class='ocrx_word' id='word_1_287' title='bbox 858 3325 913 3358; x_wconf 74' lang='lat' dir='ltr'><strong>was</strong></span> <span class='ocrx_word' id='word_1_288' title='bbox 925 3307 994 3359; x_wconf 82' lang='lat' dir='ltr'><strong>little</strong></span> <span class='ocrx_word' id='word_1_289' title='bbox 1003 3323 1075 3358; x_wconf 82' lang='lat' dir='ltr'><strong>more</strong></span> 
     </span>
     <span class='ocr_line' id='line_1_39' title="bbox 123 3372 1074 3489; baseline 0.001 -67"><span class='ocrx_word' id='word_1_290' title='bbox 123 3373 187 3423; x_wconf 83' lang='lat' dir='ltr'><strong>than</strong></span> <span class='ocrx_word' id='word_1_291' title='bbox 198 3372 381 3489; x_wconf 66' lang='lat' dir='ltr'><strong>adopeription</strong></span> <span class='ocrx_word' id='word_1_292' title='bbox 404 3375 436 3427; x_wconf 84' lang='lat' dir='ltr'><strong>of</strong></span> <span class='ocrx_word' id='word_1_293' title='bbox 448 3378 493 3427; x_wconf 88' lang='lat' dir='ltr'><strong>the</strong></span> <span class='ocrx_word' id='word_1_294' title='bbox 516 3375 639 3443; x_wconf 80' lang='lat' dir='ltr'><strong>exploits,</strong></span> <span class='ocrx_word' id='word_1_295' title='bbox 659 3393 689 3428; x_wconf 86' lang='lat' dir='ltr'><strong>or</strong></span> <span class='ocrx_word' id='word_1_296' title='bbox 700 3377 800 3444; x_wconf 73' lang='lat' dir='ltr'><strong>galune</strong></span> <span class='ocrx_word' id='word_1_297' title='bbox 810 3376 909 3427; x_wconf 83' lang='lat' dir='ltr'><strong>actions</strong></span> <span class='ocrx_word' id='word_1_298' title='bbox 917 3374 947 3427; x_wconf 88' lang='lat' dir='ltr'><strong>ol</strong></span> <span class='ocrx_word' id='word_1_299' title='bbox 960 3375 1074 3440; x_wconf 82' lang='lat' dir='ltr'><strong>military</strong></span> 
     </span>
     <span class='ocr_line' id='line_1_40' title="bbox 124 3454 312 3491; baseline 0 -1"><span class='ocrx_word' id='word_1_300' title='bbox 124 3454 312 3491; x_wconf 71' lang='lat' dir='ltr'><strong>communiere.</strong></span> 
     </span>
    </p>

    <p class='ocr_par' dir='ltr' id='par_1_13' title="bbox 158 3505 677 3577">
     <span class='ocr_line' id='line_1_41' title="bbox 158 3505 677 3577; baseline 0.002 -20"><span class='ocrx_word' id='word_1_301' title='bbox 158 3505 177 3557; x_wconf 84' lang='lat' dir='ltr'><strong>d</strong></span> <span class='ocrx_word' id='word_1_302' title='bbox 194 3509 287 3558; x_wconf 82' lang='lat' dir='ltr'><strong>Dictir.</strong></span> <span class='ocrx_word' id='word_1_303' title='bbox 320 3511 359 3575; x_wconf 89' lang='lat' dir='ltr'><strong>By</strong></span> <span class='ocrx_word' id='word_1_304' title='bbox 371 3508 416 3560; x_wconf 82' lang='lat' dir='ltr'><strong>tlte</strong></span> <span class='ocrx_word' id='word_1_305' title='bbox 424 3509 552 3577; x_wconf 77' lang='lat' dir='ltr'><strong>language</strong></span> <span class='ocrx_word' id='word_1_306' title='bbox 560 3524 595 3559; x_wconf 81' lang='lat' dir='ltr'><strong>or·</strong></span> <span class='ocrx_word' id='word_1_307' title='bbox 602 3508 677 3577; x_wconf 76' lang='lat' dir='ltr'><strong>style.</strong></span> 
     </span>
    </p>
   </div>
   <div class='ocr_carea' id='block_1_4' title="bbox 0 0 1200 4009">
    <p class='ocr_par' dir='ltr' id='par_1_14' title="bbox 0 0 1200 4009">
     <span class='ocr_line' id='line_1_42' title="bbox 0 0 1200 4009; baseline 0 0"><span class='ocrx_word' id='word_1_308' title='bbox 0 0 1200 4009; x_wconf 95' lang='lat' dir='ltr'><strong> </strong></span> 
     </span>
    </p>
   </div>
  </div>
 </body>
</html>
