2392 4009
515 145 549 167 A

429 191 604 262 Statusrtt
628 195 807 262 Certatim.
1050 194 1092 267 59

140 377 251 448 tatem,
276 363 425 451 privatim
450 367 857 453 opulentiam31aud'aruus
882 367 1092 443 divitiosae·

140 456 265 538 quimur
291 452 459 533 inertiam3
494 455 574 519 inter
602 456 703 519 boum
734 467 767 520 et
800 456 900 520 malos
923 457 1091 521 discrimen

140 542 285 618 nullum;
308 540 413 604 omnia
435 542 557 606 virtutis
597 543 736 626 praemia
775 544 907 606 ambitio
935 542 1087 628 possidet.

141 627 256 714 Neque
276 627 407 707 mirum3
429 625 483 691 ubi
507 649 565 692 vos
590 633 761 712 separatim
777 628 838 692 sibi
860 633 992 716 quisque
1018 650 1093 694 cou-

140 713 245 779 silium
261 714 387 797 capitis,
409 712 462 777 obi
485 712 570 779 domi
597 714 824 798 voluptatibus,
847 716 898 779 bic
923 717 1091 800 pecuniae,

141 813 196 866 aut
216 800 337 888 gratiae
351 800 498 865 servitis:
521 823 562 865 eo
576 800 621 879 tit,
634 814 666 864 ut
679 803 813 886 impetus
829 802 883 864 fiat
899 804 929 865 iu
944 815 1093 866 tvacnam

140 886 382 971 rempublicam.
429 885 492 950 Sed
520 909 581 973 ego
605 889 684 951 haec
706 888 828 951 omitto.
875 888 1093 975 Conjuravere

141 972 340 1048 nobilissumi
360 974 447 1037 cives
461 976 596 1056 patriam
613 972 805 1038 incendere:
829 974 993 1038 Gallorum
1017 996 1093 1061 gen·
1126 969 1128 978 ’

141 1072 205 1126 tem
235 1058 478 1125 infestissumam
509 1061 626 1125 uomini
661 1060 808 1124 Romano
829 1059 871 1124 ad
905 1061 1019 1127 bellum
1042 1082 1094 1125 ar·

141 1162 295 1224 cessuntt
318 1144 384 1212 dux
407 1146 542 1211 hostium
563 1164 673 1230 ¹‘snpra
698 1160 795 1230 caput
819 1161 893 1210 est:
918 1169 974 1211 vos
998 1169 1094 1211 cunc·

144 1234 252 1298 tamini
276 1233 370 1297 etiam
394 1255 487 1309 nunc,
510 1230 584 1318 qnid
624 1233 703 1296 intra
735 1235 861 1296 moenia
884 1233 1094 1317 adprehensis

142 1320 286 1386 hostibus
310 1319 434 1383 faciatis
458 1320 470 1379 l
516 1320 733 1382 Misereamini
757 1340 899 1395 cense03
933 1319 1094 1406 deliquere

140 1405 286 1472 homiues
309 1404 539 1470 adolescentuli
563 1427 620 1487 per
636 1403 838 1469 ambitionem
856 1431 864 1483 3
887 1419 981 1491 atque
997 1407 1092 1470 etiam

141 1510 281 1560 armatos
304 1493 480 1560 dimittatis.
525 1491 590 1555 ⁸Ne
618 1493 677 1555 ista
706 1492 796 1553 vobis
827 1492 1033 1556 nsusuetudo
1060 1504 1092 1554 et

141 1580 371 1658 misericordia,
394 1581 421 1643 si
435 1577 481 1642 illi
501 1598 587 1641 arma
612 1579 766 1663 ceperint,
791 1578 821 1642 iu
845 1580 1005 1641 miseriam
1022 1600 1091 1641 rer·

142 1679 198 1731 tet.
244 1667 373 1731 Scilicet
394 1669 460 1729 bres
483 1686 600 1747 aspera
623 1678 696 1743 est3
729 1662 785 1726 sed
804 1686 866 1726 tvos
889 1686 951 1727 non
975 1664 1092 1728 timetis

66 1759 69 1765 '
141 1772 226 1818 eam.
273 1754 371 1817 lmmo
404 1773 481 1814 vero
512 1772 691 1827 maxume3
725 1749 792 1825 sed,
818 1750 929 1812 inertia
962 1762 992 1813 et
1016 1749 1095 1813 mol·

141 1837 212 1903 litia
246 1840 353 1914 animi,
387 1836 468 1900 alius
506 1835 602 1900 alium
635 1848 859 1918 exspectantes
890 1837 1092 1914 cunctamini,

141 1924 207 1992 tdis
233 1921 458 1991 immortalibus
480 1922 604 2000 confisi,
626 1924 679 2008 qui
701 1923 781 1983 hauc
804 1923 1032 2006 rempublicam
1061 1927 1093 1985 in

140 2013 298 2080 maxumis
332 2032 431 2093 saepe
470 2009 619 2092 periculis
651 2028 832 2071 servavere.
889 2007 962 2070 Non
997 2010 1091 2087 votis,

105 2157 118 2178 s
142 2119 246 2183 neque
259 2097 441 2181 tsuppttctts
466 2093 672 2160 muliebribus
688 2093 807 2158 auxilia
831 2093 961 2158 deorum
978 2116 1093 2179 paran-

108 2185 113 2195 '
142 2197 218 2252 tur:
242 2182 415 2270 vigilando,
441 2183 576 2267 agendo,
601 2181 681 2244 bene
704 2180 899 2244 consulendo
923 2193 1093 2265 eprosperet

115 2273 126 2282 “
143 2273 250 2335 omnia
273 2269 413 2335 cedunt:
439 2267 491 2331 ubi
508 2266 673 2331 secordias
690 2282 720 2330 te
747 2285 841 2352 atque
858 2270 1004 2349 ignaviae
1031 2282 1093 2330 tra·

141 2356 274 2431 ditet-ts,
299 2354 507 2441 nequidquam
534 2354 614 2417 deos
638 2352 814 2435 implores3
837 2352 907 2414 irati
925 2354 1091 2437 infestique

136 2459 227 2509 sunt.
274 2442 367 2526 Apud
392 2442 526 2525 majores
553 2453 686 2512 uostroS,
713 2438 755 2499 Τ.
784 2434 921 2499 Manlius
949 2437 1092 2525 Torqua·
1190 2466 1193 2472 ·

141 2547 193 2595 tus
210 2528 296 2592 bello
311 2526 439 2590 Gallico
461 2525 556 2587 filium
584 2545 685 2599 suum,
712 2521 795 2608 quod
821 2522 846 2583 is
869 2536 978 2586 contra
996 2526 1093 2609 impe·

142 2618 224 2682 rium
260 2618 289 2678 in
314 2619 434 2677 hostem
468 2624 674 2695 pugnaverat,
707 2609 813 2673 necari
833 2609 930 2695 jussit
952 2634 974 2694 i,
998 2625 1092 2697 atque

142 2703 197 2769 ille
231 2702 379 2788 egregius
411 2696 600 2762 adolescens
638 2694 863 2761 immoderatae
902 2696 1092 2767 fortitudinis

176 2912 327 2978 qucrturn.
369 2905 524 2972 Neglected
556 2904 753 2971 unprotected:
783 2905 954 2971 defensoribus,
974 2925 1007 2974 or
1023 2925 1095 2963 some

20 3007 33 3030 ι
102 2991 106 2994 ’
143 2978 240 3030 similar
254 2977 325 3025 word
337 2974 415 3040 being
432 2973 597 3025 understood

175 3062 192 3095 2
212 3045 296 3111 Superi
309 3052 393 3109 eaput.
439 3044 463 3091 A
475 3041 577 3106 phrase,
588 3039 675 3089 which
699 3055 756 3104 may
768 3038 800 3089 be
812 3039 929 3090 imitated
942 3042 966 3090 in
984 3042 1093 3108 English

142 3113 179 3177 by
195 3103 358 3175 expressions
369 3108 437 3159 alike
457 3107 613 3174 figurative:
629 3109 668 3156 At
683 3121 731 3155 ottr
741 3105 838 3164 duom
855 3107 902 3155 itas
914 3108 958 3156 tlte
972 3108 1055 3158 sword
1067 3115 1095 3158 st

143 3179 313 3230 ourthrouts.

176 3272 193 3304 s
209 3255 257 3303 Ne¹
293 3252 333 3304 nn
346 3253 473 3303 archaism
484 3251 525 3302 iot·
537 3270 582 3311 ne,
592 3250 658 3301 from
671 3251 716 3300 tlte
732 3249 818 3300 Greek
831 3260 893 3294 sut.

177 3323 195 3382 12
213 3322 274 3370 Res.
309 3323 367 3384 Ipso
379 3319 401 3369 is
413 3323 437 3369 in
450 3335 520 3370 some
532 3320 641 3368 editions
652 3317 792 3381 expressed
803 3313 871 3364 after
883 3331 929 3363 res.

173 3389 262 3438 eliis
306 3391 419 3438 Videlicet
429 3388 451 3435 ie
463 3385 602 3450 expressod
614 3384 700 3434 before
712 3387 749 3432 dis
759 3384 784 3431 iu
796 3396 866 3430 some
874 3379 995 3433 editions,

171 3455 196 3505 d
215 3454 352 3524 Suppliciis,
388 3454 710 3516 supplicatious,praycrs.

174 3537 190 3575 e
206 3523 340 3587 Proqoera.
372 3518 570 3579 Someetlitions
579 3519 644 3568 have
651 3516 778 3581 prospere,
792 3511 845 3565 less
854 3512 995 3581 elegantly.
